2417 3967
535 248 821 369 man,
908 275 1353 391 cAP.'9.1‚0.
1405 302 1502 364 11.
1708 256 1743 280 ²
1852 274 1863 297 ²
1941 282 2119 362 ω’

50 442 262 507 homines
313 447 788 526 vehementissime
833 458 1208 532 permovenn
1266 453 1430 521 Quae
1454 506 1463 511 -
1488 451 1583 529 qui
1628 451 1684 509 in
1730 456 2023 529 utramque

50 536 230 606 partem
258 535 468 595 excelso
488 538 681 595 animo
705 539 1024 639 magnoque
1052 538 1416 617 despiciunt,
1439 556 1718 615 quumque
1742 536 1927 612 aliqua
1951 538 2017 596 iis

50 616 201 693 ampla
229 625 286 678 et
311 618 558 685 honesta(
578 642 666 681 res
690 623 905 685 obiecta
931 629 1060 696 est,
1092 622 1247 681 totos
1275 624 1349 680 ad
1376 641 1438 681 se
1461 623 1734 680 convertit
1758 622 2016 700 etrapit:

50 704 141 759 tum
171 704 285 779 quis
313 724 430 764 non
456 698 760 776 admiretur
786 706 1140 786 splendorem
1181 707 1734 786 pucluitudinemque
1754 704 2018 764 virtutis?

50 782 122 842 ΧῘ-
142 788 235 851 38.
249 789 400 867 Ergo
425 797 486 853 et
509 790 650 861 ¹‚haec
674 792 842 851 animi
864 793 1230 871 ,despicientia
1255 791 1732 851 admirabilitatem
1754 790 2018 868 magnam

50 867 183 944 lacit,
220 879 286 945 et,
302 876 540 935 maxime
564 877 797 950 iustitia,
841 897 909 938 ex
932 896 1058 954 ‘qua
1080 897 1189 935 una
1216 878 1415 936 virtute
1440 876 1575 934 viri
1620 877 1790 935 boni
1822 897 1895 956 ap
1936 875 2018 936 el-

50 952 214 1037 lantur,
241 960 466 1020 mirifica
481 962 756 1040 quaedam
769 982 858 1022 res
874 963 1212 1025 multitudini
1231 958 1473 1021 videtur:
1500 978 1606 1020 nec
1624 961 1840 1021 iniuria.
1924 1034 1931 1037 .
1952 976 2017 1022 e-

50 1054 118 1096 mo
140 1041 274 1102 enim
300 1046 473 1104 iustus
499 1066 621 1107 esse
640 1053 849 1126 potest,
892 1049 988 1126 qui
1010 1054 1266 1124 mortem,
1311 1047 1406 1124 qui
1440 1046 1706 1122 dolorem,
1749 1048 1844 1123 qui
1872 1046 2019 1107 exsi-

51 1122 183 1198 :ium,
225 1131 320 1205 qui
348 1137 660 1208 egestatem
684 1134 846 1192 timet
878 1139 978 1192 aut
1005 1133 1103 1210 qui
1128 1152 1195 1191 ea
1218 1177 1236 1208 ,
1281 1151 1426 1215 quae
1454 1137 1583 1190 sunt
1615 1131 1701 1191 his
1723 1132 2018 1207 contraria,

50 1212 274 1285 aequitati
298 1210 603 1296 auteponit.
685 1216 1042 1296 Maximeque
1074 1219 1415 1289 admirantur
1433 1237 1558 1276 eum
1574 1259 1592 1290 ,
1635 1217 1731 1294 qui
1779 1218 2016 1296 pecunia

50 1310 135 1351 mou
160 1306 429 1360 movetur:
476 1303 632 1379 quod
659 1303 716 1362 in
736 1321 848 1380 quo
871 1303 991 1360 viro
1028 1310 1379 1381 perspectum
1408 1303 1506 1374 sit,
1554 1302 1699 1363 hunc
1737 1304 1854 1378 igni
1883 1321 2014 1380 spe-

50 1380 217 1441 :tatum
239 1386 586 1447 arbitrantur.
672 1387 870 1464 Itaque
891 1386 983 1444 illa
1008 1389 1135 1462 tria,
1157 1388 1303 1464 qnae
1327 1383 1617 1464 proposita
1635 1393 1765 1444 sunt
1788 1387 1864 1444 ad
1889 1386 2014 1462 glo-

50 1461 184 1541 fiam,
209 1471 401 1546 omnia
432 1473 638 1531 iustitia
669 1460 916 1531 conficit:
963 1478 1021 1530 et
1047 1472 1518 1542 benevolentiam,
1563 1472 1714 1546 quod
1745 1473 2023 1549 prodesse,

50 1546 134 1605 vult
161 1546 395 1629 plurimis
413 1598 433 1630 ,
492 1562 550 1616 et
598 1558 671 1616 ob
705 1557 939 1616 eandem
978 1574 1198 1615 causam
1235 1557 1401 1614 fidem
1418 1597 1436 1626 ,
1475 1560 1535 1614 et
1571 1555 2012 1628 admirationem,
2046 1572 2053 1587 ¹

50 1635 167 1705 Juod
192 1655 280 1697 eas
309 1658 397 1702 res
431 1643 647 1721 spernit
682 1648 740 1703 et
776 1641 1048 1720 negligit,
1090 1643 1167 1702 ad
1210 1661 1349 1722 quas
1397 1639 1647 1719 plerique
1691 1640 2015 1709 inflammati
2046 1704 2058 1712 ,
2170 1714 2175 1723 ,

50 1717 272 1784 ividitate
295 1729 607 1808 rapiuntur.
2002 1768 2007 1773 -

121 1808 238 1872 39.
260 1808 344 1871 Ac
351 1832 481 1874 mea
489 1815 724 1892 quidem
752 1813 1027 1873 sententia
1039 1811 1217 1871 omnis
1235 1812 1377 1869 ratio
1392 1815 1566 1889 atque
1580 1812 1846 1871 institutio
1867 1814 2012 1873 vitae
2034 1866 2135 1875 .

50 1886 324 1955 idiumenfa
350 1898 637 1960 hominum
677 1900 1001 1975 desiderat,
1040 1898 1101 1956 in
1130 1897 1473 1986 primisque,
1530 1903 1594 1955 ut
1639 1899 1845 1958 habeat
1888 1898 2014 1975 qui-

50 1990 232 2037 ›useum
260 1985 440 2059 possit
469 1984 762 2044 familiares
802 1986 1053 2044 conferre
1087 2000 1401 2043 sermones:
1447 1985 1601 2059 quod
1640 1991 1727 2044 est
1764 1982 2009 2058 difficile,

50 2058 128 2116 :isi
144 2066 372 2141 speciem
391 2088 539 2150 prae
563 2075 619 2130 te
641 2070 776 2128 boni
802 2069 901 2129 viri
920 2071 1085 2128 feras.
1158 2067 1316 2143 Ergo
1342 2069 1507 2129 etiam
1531 2067 1774 2129 solitario
1800 2069 2012 2129 homini
2078 2062 2093 2073 ’

50 2148 182 2219 &que
205 2149 260 2208 in
290 2172 431 2230 agro
457 2156 628 2215 vitam
654 2155 844 2231 agenti
872 2155 1060 2233 opinio
1085 2153 1327 2211 iustitiae
1348 2154 1657 2212 necessaria
1678 2161 1783 2230 est,
1810 2174 2011 2232 eoque

50 2227 178 2293 itiam
200 2241 404 2316 magis,
450 2242 636 2317 quod,
682 2260 805 2300 eam
832 2240 1013 2298 sinon
1042 2237 1362 2310 hahebssunt,
1405 2238 1590 2296 iniusti
1632 2238 2009 2313 habebuntur:

50 2314 174 2411 ¹Quis
208 2327 498 2400 praesidiis
538 2327 683 2405 septi
724 2325 904 2386 multis
941 2326 1249 2385 afficientur
1272 2323 1497 2382 iniuriiS.
1582 2321 1683 2388 40.
1728 2322 1917 2401 Atque
1940 2324 2008 2383 iis

50 2402 176 2460 {llam
189 2447 207 2478 ,
248 2410 341 2485 qui
363 2413 615 2472 vendunt
643 2420 857 2487 emunt,
902 2413 1217 2472 conducunt
1238 2409 1467 2482 -locant,
1507 2409 2010 2486 contrahendisque

50 2488 270 2560 1egotiis,
298 2496 680 2577 implicantur,
723 2498 927 2556 iustitia
974 2498 1051 2557 ad
1081 2506 1200 2553 'rem
1239 2495 1542 2571 gerendam
1570 2496 1876 2554 necessaria
1904 2502 2007 2554 est.

50 2565 187 2630 Cuius
213 2583 369 2643 tanta
398 2582 479 2641 vis
510 2588 626 2656 est,
668 2587 731 2641 ut
763 2581 930 2642 neilli
957 2582 1180 2659 quidem
1195 2578 1233 2654 ,T
1259 2581 1353 2656 qui
1393 2577 1659 2639 maleficio
1699 2587 1760 2640 et
1801 2581 2011 2640 scelere

50 2667 336 2739 amantur,
385 2667 603 2746 possint
624 2668 745 2726 sine
760 2664 871 2726 ulla
891 2665 1155 2744 particulu
1187 2666 1403 2727 iusitiae
1435 2650 1636 2724 vivere.
1723 2665 1871 2724 Nam
1912 2665 2010 2742 qui

50 2750 201 2831 ³f>rum
222 2750 486 2828 cuipiam,
531 2754 628 2829 qui
660 2772 769 2811 una
793 2753 1186 2817 latrocinantur
1200 2795 1219 2826 ,
1260 2752 1477 2809 furatur
1514 2749 1722 2826 aliquid
1759 2757 1856 2809 aut
1898 2751 2008 2810 eri-

51 2825 130 2921 nt,
159 2826 212 2919 qis
237 2833 340 2893 sibi
363 2857 438 2897 ne
471 2839 529 2895 in
557 2837 848 2897 latrocinio
878 2838 1101 2915 quidem
1130 2836 1393 2917 relinquit
1418 2834 1597 2894 locum
1586 2856 1628 2917 j
1671 2835 1763 2905 ille
1803 2840 2008 2911 autem,

50 2921 117 2978 1¹1¹
142 2914 462 2998 archipirata
485 2922 703 2997 dicitur,
745 2923 851 2981 nisi
874 2921 1235 3000 aequabiliter
1253 2923 1519 3000 praedam
1542 2918 1862 2998 dispertiat,
1907 2927 2009 2980 ant

50 2994 362 3063 ssterficiatur
391 3024 426 3066 a
447 3007 609 3067 sociis
635 3014 733 3067 aut
756 3008 1113 3085 relinquatur.
1186 3005 1339 3074 Quin
1366 3006 1533 3064 etiam
1563 3006 1715 3082 leges
1734 3006 2008 3066 latronum
2062 3070 2070 3087 x

50 3090 145 3139 esse
163 3082 432 3167 dicuntur,
459 3090 660 3170 quibus
683 3099 952 3172 pareant,
997 3111 1135 3170 quas
1155 3091 1471 3150 observent.
1557 3091 1755 3168 Itaque
1778 3098 2018 3171 propter

50 3167 350 3237 tequabilem
371 3179 618 3255 praedae
635 3178 991 3256 partitionem
1020 3184 1082 3241 et
1099 3177 1358 3252 Bardylis
1374 3223 1390 3250 ,
1436 3176 1681 3252 Illyricus
1708 3178 1848 3236 latro
1862 3221 1880 3251 ,
1932 3177 2015 3237 (lev

50 3261 128 3316 1110
154 3259 237 3311 est
260 3263 410 3336 apud
441 3262 682 3341 Theopo
780 3281 895 3338 um,
922 3282 1154 3339 magnas
1181 3281 1316 3340 opes
1338 3256 1531 3320 habuit
1551 3268 1609 3321 et
1634 3262 1809 3322 multo
1832 3260 2009 3321 maio-

51 3345 106 3385 es
126 3330 394 3404 Viriathus
406 3345 736 3408 Lusitanus:
780 3350 868 3408 cui
893 3349 1117 3425 quidem
1144 3349 1314 3407 etiam
1346 3347 1609 3409 exercitus
1634 3349 1810 3407 nostri
1832 3348 2009 3424 impe-
2124 3398 2147 3417 .-

50 3418 331 3501 atoresque
363 3438 677 3509 cesserunt,
722 3453 889 3512 quem
925 3435 990 3492 C.
1020 3420 1273 3507 LaeliuS,
1317 3433 1362 3489 is
1379 3477 1398 3507 ,
1442 3433 1539 3509 qui
1566 3433 1801 3511 Sapiens
1844 3449 2007 3491 insur-

50 3502 178 3559 'atur
187 3547 207 3579 2
246 3522 470 3588 Praetor
511 3519 677 3595 fregit
717 3525 773 3578 et
798 3519 1120 3579 comminuit
1147 3517 1599 3592 ferocitatemque
1641 3514 1779 3576 eius‘
1798 3517 1877 3575 ita
1915 3534 2008 3575 re-

50 3589 247 3669 ·Fessit,
287 3592 350 3658 ιιι·
378 3602 556 3679 facile
585 3602 790 3665 bellum
827 3603 1053 3684 reliquis
1095 3603 1359 3699 traderet.
1443 3601 1629 3671 Quum
1659 3602 1826 3679 igitur
1853 3606 2012 3660 tanta
