2417 3967
184 211 308 286 'm
658 272 685 282 ι
980 225 1543 284 LAnles

267 374 318 444 8
349 385 478 435 tote.
562 380 681 449 Ego
718 380 765 434 si
800 380 1060 450 Scipionis
1103 381 1364 436 desiderio
1402 398 1487 437 me
1530 383 1727 439 moveri
1760 396 1948 451 negem
1961 400 1978 435 ε
2022 396 2197 449 quam

275 481 313 537 2
351 467 406 520 id
437 473 583 520 recte
606 467 822 533 faciam,
865 469 1089 530 viderint
1112 470 1413 537 sapientes;
1459 470 1555 523 sed
1581 477 1728 524 ,certe
1760 470 2000 522 mentiar.
2055 467 2191 532 Mo-

357 568 483 606 veor
527 554 662 605 enim
705 555 795 605 tali
837 555 1050 606 orbitus
1097 555 1266 607 amico
1283 593 1300 620 ‚
1355 557 1557 622 qualis,
1608 561 1670 608 ut
1713 557 1969 618 arbitror,
2001 569 2194 608 „nemo

358 653 599 706 umquam
634 639 766 703 er1t3
829 644 889 691 ut
931 640 1240 702 confirmare
1280 655 1490 708 possum
1507 679 1524 706 ,
1579 656 1733 694 nemo
1793 638 2009 708 [certe]
2067 638 2195 693 fuit.

278 722 315 779 3
355 722 464 792 §ed
510 739 614 778 non
651 738 783 789 egeo
821 710 1108 778 medicina:
1153 742 1239 780 me
1280 726 1393 792 ipse
1421 727 1695 790 consolor,
1741 731 1796 778 et
1824 740 2066 778 maxume
2090 725 2194 777 illo

355 811 571 874 solatio,
630 808 771 875 quod
829 825 893 861 eo
953 793 1132 864 errore
1180 826 1366 877 careo,
1393 839 1400 842 Ἰ
1425 828 1557 884 quo,
1614 811 1893 866 amicorum
1940 809 2189 874 decessu,

275 894 312 951 4
356 892 658 962 [plerique]
703 893 824 961 angi
865 895 1051 949 solent.
1134 895 1279 951 Nihil
1322 897 1462 952 enim
1500 897 1624 952 mali
1657 896 1915 951 accidisse
1943 894 2190 964 Scipioni

202 1088 356 1129 ‘stru
370 1079 532 1130 m->.
567 1100 638 1113 --
672 1081 907 1129 Habetote
926 1077 1120 1142 ‘semper
1161 1079 1330 1143 incipit
1359 1093 1626 1130 sermonem
1656 1082 1827 1142 estque
1856 1077 2156 1128 exordientis
2186 1072 2334 1125 audi-

217 1155 466 1210 toremque
495 1145 952 1207 erigentis312abes
977 1151 1056 1198 vel
1082 1153 1269 1198 habetis
1307 1151 1518 1214 respicit
1530 1153 1777 1213 peractum
1815 1161 2087 1198 sermonem
2112 1147 2166 1198 in
2196 1147 2336 1196 eius-

218 1231 313 1281 que
340 1215 554 1265 clausula
583 1221 864 1278 usurpatur:
900 1222 954 1266 ut
978 1218 1036 1266 11.
1064 1235 1132 1267 or.
1162 1215 1245 1277 85,
1277 1216 1395 1270 350.
1431 1234 1500 1283 pr.
1530 1215 1613 1279 88,
1639 1216 1758 1269 361.
1788 1233 1859 1283 pr.

296 1321 305 1325 -
359 1286 412 1333 C.
458 1280 509 1332 3.
558 1293 624 1335 ><
668 1302 743 1334 me
786 1290 1021 1348 Scipionis
1070 1293 1310 1337 desiderio
1336 1288 1446 1337 le.
1460 1307 1503 1349 γ.
1542 1313 1611 1325 --
1646 1299 1712 1340 ><
1742 1287 1800 1336 L.
1817 1295 1851 1335 ἀ
1882 1302 2026 1347 qaam
2070 1263 2212 1336 recte
2257 1287 2331 1333 id·
2407 1291 2408 1310 ¹

218 1355 419 1404 Scilicet
443 1352 644 1402 offendit
669 1349 876 1403 scribam
900 1341 1216 1418 hyberbatoii.
1287 1357 1359 1405 cf.
1384 1356 1584 1406 Ellendt
1607 1357 1669 1406 ad
1692 1360 1833 1405 Brut.
1864 1354 1951 1414 33,
1983 1353 2105 1407 126.
2145 1359 2213 1408 Ia
2247 1369 2332 1404 re-

219 1426 361 1489 spicit
389 1437 484 1471 non
514 1422 579 1471 ad
606 1437 651 1470 v.
678 1437 864 1486 negem,
896 1425 985 1473 sed
1013 1429 1166 1474 totam
1188 1427 1502 1485 sententiam,
1539 1427 1675 1488 qnasi
1705 1426 1777 1474 sic
1807 1427 1940 1474 esset
1969 1425 2137 1474 elata:
2170 1428 2224 1473 εἰ
2258 1445 2334 1462 --
2407 1463 2408 1492 ἦ

219 1513 316 1545 non
352 1510 556 1544 movear.
627 1492 914 1542 Praesentia
944 1498 1105 1542 autem
1142 1495 1360 1562 Optativi
1399 1495 1477 1543 hic
1506 1495 1729 1556 ambigue
1768 1495 1930 1557 posita
1957 1508 2048 1556 pro
2084 1493 2333 1557 Imperfe·
2407 1519 2408 1530 π

220 1566 327 1616 ctis.
394 1564 502 1626 Ego
530 1562 655 1611 haec
686 1576 796 1622 vv.,
831 1576 957 1626 quae
987 1563 1228 1612 Goerenz.
1259 1564 1289 1611 l.
1314 1563 1347 1611 1.
1377 1578 1424 1627 p.
1448 1562 1569 1616 296.
1608 1564 1920 1627 parenthesin
1948 1563 2093 1623 facit,
2129 1563 2333 1626 accipio

218 1649 307 1699 pro
330 1631 545 1698 apodosi.
615 1631 802 1681 NamI.
830 1638 895 1681 aa
911 1637 1075 1692 famil.
1105 1630 1155 1683 9.
1181 1631 1230 1695 §.
1259 1626 1344 1683 45.
1375 1632 1457 1680 ubi
1485 1638 1599 1682 ante
1634 1635 1779 1695 partt.
1810 1637 1896 1681 sed
1925 1642 2055 1681 certe
2081 1631 2332 1695 Martyni-

219 1704 342 1766 Lag.
377 1703 464 1765 (iu
498 1701 630 1750 cuius
655 1701 729 1749 ed.
764 1705 840 1749 est
869 1706 1007 1763 epist.
1041 1701 1162 1762 10.)
1187 1702 1265 1750 bis
1294 1701 1527 1751 indicavit
1554 1702 1897 1765 parenthesin,
1921 1715 2028 1752 non
2052 1701 2331 1764 praecessit

220 1773 429 1855 protasis
456 1770 805 1820 conditionalis.
874 1771 1048 1832 Neque
1077 1770 1416 1819 necessitatem
1445 1771 1683 1834 perspicio
1710 1771 1861 1819 verba
1886 1773 2026 1820 extra
2054 1770 2330 1833 parenthe.

219 1842 293 1890 sin
316 1842 386 1890 sic
410 1824 652 1889 struendi:
699 1843 941 1903 sapientes
968 1842 1196 1889 viderint.
1268 1839 1539 1889 Obsecutus
1572 1839 1847 1889 Goerenzio
1883 1853 1989 1892 sum
2026 1840 2078 1890 in
2100 1838 2328 1890 tollenda
2407 1907 2408 1914 ἵ

220 1911 408 1974 virgula
430 1911 541 1971 post
568 1912 693 1969 Ego.

357 1979 407 2041 §-
428 1977 480 2029 2.
514 1987 582 2029 ><
607 1975 790 2039 Volgo:
824 1981 920 2026 tali
953 1982 1109 2027 amico
1143 1982 1336 2027 orbatus
1369 1984 1435 2029 5<
1467 1978 1614 2028 Bern.
1641 1982 1795 2027 amico
1821 1981 1920 2026 tali
1952 1981 2051 2026 orb.
2079 1991 2176 2040 quo
2206 1990 2325 2028 ver-

219 2048 282 2099 bo
309 2062 415 2097 cum
439 2047 496 2094 L.
509 2064 542 2093 α
580 2045 864 2109 interposito
891 2048 1088 2108 gravius
1123 2048 1308 2110 pondus
1355 2046 1487 2096 cadit
1524 2048 1573 2095 in
1600 2046 1788 2109 singula
1825 2047 2079 2095 vocabula.
2116 2070 2190 2082 —
2224 2046 2323 2098 Ed.
2407 2045 2408 2052 ’

218 2120 319 2167 vet.
347 2131 387 2166 s.
413 2117 444 2163 1.
477 2121 570 2166 erit
602 2131 900 2175 umquam.
936 2115 1079 2164 Plato
1105 2117 1155 2164 in
1184 2120 1380 2165 Critone
1409 2113 1527 2177 (1.3.
1557 2114 1664 2178 ἐμοὶ
1694 2110 1750 2164 οὐ
1781 2116 1868 2178 μία
1897 2109 2121 2199 ξυμφοραί
2148 2117 2323 2166 ἐστι..

219 2184 512 2251 ὶστερῆσθαι
540 2180 766 2232 τοιούτου
788 2183 1073 2244 ἐπιτήδει’,ου
1110 2184 1212 2232 οἷον
1247 2181 1337 2245 ἐγώ
1375 2178 1613 2233 οὐδένα
1643 2204 1722 2248 μη
1743 2201 1903 2233 ποτε
1939 2201 2156 2253 συρησω.
2212 2186 2322 2236 Ne-

108 2265 115 2268 ’
219 2257 320 2306 scio
349 2270 413 2304 an
438 2255 505 2303 ibi
532 2254 684 2313 nostri
708 2253 805 2303 loci
835 2255 1102 2303 meminerit
1138 2254 1399 2304 Ulricus
1437 2255 1487 2302 in
1517 2255 1645 2303 Plat.
1679 2254 1810 2303 diall.
1850 2253 1921 2303 IV
1962 2270 1994 2303 a
2030 2256 2322 2305 Gedikio

217 2338 556 2392 conversorum
597 2324 673 2372 ed.
726 2323 785 2372 Π.
832 2322 1033 2386 (Berol.
1076 2322 1227 2376 1821.
1240 2324 1267 2388 )
1309 2339 1357 2389 p.
1381 2317 1470 2376 40.
1511 2325 1644 2373 cuius
1680 2317 2042 2375 annotationem
2082 2325 2324 2378 indicavit

217 2394 332 2444 mihi
365 2393 751 2456 Runkelius.

354 2463 443 2526 ut]
479 2463 582 2512 Erf.
608 2462 665 2511 L.
683 2478 732 2523 α,
752 2464 788 2524 β
816 2468 885 2520 <
914 2462 1085 2526 volgo:
1120 2472 1185 2513 et
1217 2471 1288 2512 ut.
1327 2461 1385 2511 D.
1416 2461 1532 2514 106.
1563 2466 1746 2524 ntique.
1780 2487 1849 2500 -—
1881 2462 1940 2514 L.
1951 2481 1985 2512 α
2010 2464 2321 2572 *affirmare
2407 2443 2408 2450 ἵ

218 2535 272 2581 et
296 2533 482 2582 cumD.
515 2531 629 2584 106.
656 2548 794 2582 nmo
826 2540 1181 2593 umquams.
1218 2543 1284 2585 ><
1315 2531 1423 2593 Loss
1449 2542 1643 2587 certe
1679 2538 1888 2591 nemos.

356 2600 403 2664 §·
434 2599 483 2653 3.
535 2619 651 2651 nec
687 2618 800 2663 egeo
841 2600 915 2649 ed.
961 2606 1060 2650 vet.
1105 2617 1146 2650 s.
1197 2602 1499 2659 1.<Bern.
1542 2618 1640 2650 non
1689 2619 1809 2663 ego
1839 2618 1957 2663 egeo
1990 2626 2061 2636 —-
2093 2599 2203 2649 Erf.
2232 2614 2318 2648 we

218 2675 439 2733 ipsum.
510 2670 564 2718 In
595 2688 668 2733 ep.
696 2670 776 2723 16.
804 2670 835 2718 l.
865 2669 923 2719 V.
952 2676 1155 2734 adsum.
1183 2670 1229 2733 S.
1248 2670 1298 2723 9.
1327 2671 1555 2732 temporis
1583 2676 1852 2720 medicinae
1879 2670 2202 2733 praeferenda
2228 2670 2316 2720 du

218 2741 363 2789 citur
369 2754 445 2797 ea,
480 2756 621 2800 qnam
649 2749 1016 2803 repraesentare
1042 2745 1234 2792 ratione
1251 2745 1510 2805 possimus,
1546 2740 1592 2788 11.
1626 2755 1669 2788 e.
1697 2741 1982 2789 consolatio.

356 2807 437 2871 et]
478 2808 686 2862 >Eli
731 2814 830 2858 vet.
866 2824 906 2858 s.
954 2810 1263 2865 1.—><L.
1292 2815 1431 2875 βου
1464 2809 1920 2888 solatio—illo
1942 2825 2120 2860 errore.
2194 2809 2315 2860 La
2407 2805 2408 2854 ἶ

218 2893 334 2940 ego
371 2895 534 2928 errore
562 2886 630 2935 <
660 2877 718 2927 D·
747 2878 862 2931 106.
902 2896 965 2929 eo
995 2896 1115 2941 ugo
1148 2899 1327 2934 errore.

356 2952 617 2997 amicorum
645 2946 875 3010 decessu]
912 2949 958 2997 h.
987 2963 1031 2996 e.
1058 2965 1164 3000 cum
1190 2952 1449 3000 amicorum
1471 2947 1644 3009 aliquis
1665 2950 1881 2998 mortuus
1909 2952 1997 2997 est.
2055 2945 2115 2997 V.
2141 2949 2307 2997 annot·

216 3013 284 3064 ad
321 3015 358 3063 I.
387 3022 465 3074 off.
497 3016 584 3076 23,
623 3015 705 3070 81.
748 3022 786 3065 t.
814 3018 850 3066 Ῑ.
893 3031 940 3080 p.
968 3015 1083 3070 156.
1112 3036 1154 3069 s.
1189 3019 1248 3069 L.
1280 3038 1331 3082 α,
1370 3018 1491 3067 Ven.
1521 3011 1640 3068 474.
1689 3023 1952 3067 amicorum
1992 3022 2208 3067 discessu
2248 3025 2313 3068 ><

176 3097 183 3102 ’
217 3083 275 3133 L.
294 3089 328 3148 β
357 3090 570 3140 discessu
593 3091 866 3136 amicorum.
899 3111 970 3122 —-
1003 3088 1060 3136 L.
1076 3105 1109 3135 α
1133 3094 1255 3151 angi
1271 3094 1426 3139 solent
1458 3098 1523 3139 ><
1547 3091 1620 3149 ΡΙ
1634 3104 1660 3136 e
1676 3092 1821 3147 ripn
1837 3107 1892 3136 e.-
1925 3092 1979 3136 ut
1997 3088 2313 3150 suspicionem
2351 3141 2360 3146 ,

217 3159 414 3204 moveat
452 3143 544 3205 hoc
569 3170 867 3216 voc.,cu1n
897 3160 1068 3220 suapte
1113 3163 1285 3223 sponte
1322 3162 1600 3221 imperitum
1643 3161 1816 3220 volgus
1855 3157 2185 3219 intelligatur,
2232 3153 2309 3207 vel

215 3222 498 3287 simpliciter
523 3230 670 3274 amici
696 3240 740 3276 v.
773 3229 998 3275 hominen.

356 3293 403 3356 ἓ.
432 3288 481 3344 4.
521 3294 682 3357 enim]
721 3299 790 3348 >
814 3296 958 3344 Bern.
983 3294 1041 3343 L.
1062 3312 1113 3357 α,
1145 3296 1257 3345 le.
1272 3314 1317 3357 γ,
1345 3294 1389 3359 δ,
1421 3294 1526 3344 Erf.
1553 3293 1674 3344 Ven.
1698 3287 1817 3345 474.
1841 3294 1906 3343 al.
1976 3294 2196 3343 Reticeri
2223 3306 2308 3358 po-

217 3361 311 3408 tuit
332 3363 600 3424 particula,
649 3378 788 3426 quum
811 3364 852 3412 Ι
854 3365 1008 3413 aelius
1035 3365 1114 3414 hic
1133 3367 1352 3427 graviter
1390 3380 1497 3414 cum
1526 3364 1730 3426 quodam
1759 3363 1939 3416 affectu
1962 3362 2211 3427 loquatur,
2256 3363 2309 3412 ut

215 3442 365 3495 supra
380 3431 426 3495 §-
448 3432 529 3488 11.
549 3447 651 3498 pr.·
637 3468 653 3494 ,
684 3435 772 3484 sed
788 3434 1029 3485 facillume
1053 3436 1320 3512 particulae
1344 3434 1675 3501 compendium
1698 3437 1813 3486 ante
1837 3433 1910 3486 lit.
1935 3451 1985 3484 τι
2009 3434 2168 3500 potuit
2193 3446 2308 3497 ueg-
