2417 3967
375 172 480 186 Μ

578 248 757 318 Lm.
798 254 897 317 m.
961 201 1181 315 ‘osa
1228 204 1303 358 ρ.
1333 240 1431 320 103
1478 254 1629 323 11.-
1993 220 2163 325 ss-

69 404 388 480 amicitiae,
426 410 492 466 ut
523 426 713 475 veram
751 411 912 471 amici
952 428 1173 471 causam
1209 428 1335 471 esse
1373 409 1560 485 malit,
1604 414 1668 470 ut
1694 410 1942 472 orandae
1964 409 2081 473 litis

74 496 348 572 tempus,
404 496 593 570 quoad
634 515 738 574 per
781 497 935 586 leges
973 496 1178 570 liceat,
1243 454 1643 556 accommodet.
1746 497 1848 562 44.
1892 490 2098 566 Quum.

69 596 217 639 vero
260 572 445 639 iurato
476 583 755 640 sententia
789 574 1025 642 dicenda
1069 583 1171 641 sit·
1230 584 1538 643 meminerit
1575 601 1638 675 se
1671 585 1837 643 deum
1874 582 2120 646 habere*

71 667 319 738 testem,
362 665 422 722 id
454 672 558 742 est,
598 673 666 725 ut
705 686 810 743 ego
842 668 1113 742 arbitror,
1157 673 1400 727 mentem
1438 686 1594 727 suam
1610 711 1631 741 ,
1681 688 1793 746 qua
1818 667 1953 727 nihil
1976 668 2082 727 1ιο

67 750 221 822 mini
254 750 416 809 dedit
452 752 632 812 deus·
616 772 764 835 ipse
778 753 1031 812 divinius.
1116 752 1314 834 Itaque
1354 752 1695 832 praeclarum
1720 773 1756 812 a
1781 753 2103 819 maioribus-

72 834 405 915 aocepimus
441 857 650 905 morem
695 839 935 915 rogandi
975 838 1206 911 iudicis,
1267 839 1314 896 si
1348 857 1483 898 eum
1517 844 1859 912 teneremus,
1902 837 2085 910 Quas.

73 939 286 982 aava
321 940 462 979 nna
510 941 733 981 meana
784 942 1020 982 Possm.
1130 924 1294 985 Haec
1338 924 1558 999 rogatio
1597 926 1672 983 ad
1706 943 1776 1003 ea
1810 925 2078 1003 pertinet,

73 1026 235 1087 quae
275 1006 462 1086 paullo
497 1016 649 1085 ante
673 1010 787 1068 dixi
823 1011 1068 1071 honeste
1102 1009 1280 1068 amico
1326 1027 1363 1067 a
1394 1010 1578 1087 iudice
1615 1029 1784 1090 posse
1830 1010 2081 1070 concedi.
2112 1036 2117 1049 ¹

73 1091 241 1156 Nam
269 1093 317 1150 si
352 1095 543 1169 omnia
565 1094 819 1154 facienda
852 1095 996 1165 sint,
1031 1113 1185 1172 -quae
1223 1094 1384 1154 amici
1419 1093 1611 1153 velint:
1655 1114 1771 1155 non
1805 1095 2082 1155 amicitiae

75 1177 236 1239 tales
259 1179 364 1237 sed
404 1181 806 1244 coniurationes
844 1181 1128 1261 putandae
1158 1181 1288 1238 sint.
1376 1180 1479 1253 45.
1520 1179 1757 1258 Loquor
1786 1185 1972 1240 autem
2006 1180 2082 1240 de
2170 1247 2177 1254 ,

75 1264 469 1326 communibus
503 1267 782 1327 amicitiis:
827 1286 956 1327 nam
984 1267 1042 1325 in
1071 1265 1411 1345 sapientibus
1437 1266 1568 1324 viris
1592 1266 1967 1346 perfectisque
1994 1266 2083 1324 ni-

75 1348 163 1410 hil
200 1354 395 1429 potest
435 1360 559 1412 esse
604 1351 737 1411 tale.
844 1351 1157 1411 Damonem
1203 1357 1265 1421 et
1313 1350 1624 1427 Phintiam,
1673 1351 2081 1430 Pythagoreos,

75 1437 279 1497 ferunt
304 1435 413 1494 hoc
447 1438 632 1496 animo
668 1438 816 1497 inter
849 1456 911 1496 se
936 1438 1140 1510 fuisse,
1182 1442 1276 1507 ut,
1311 1455 1501 1513 quum
1520 1457 1712 1497 eorum
1748 1436 1907 1495 alteri
1936 1436 2080 1495 Dio‘¹

73 1521 280 1597 nysius
302 1526 569 1598 tyrannus
603 1523 748 1582 diem
789 1522 940 1581 necis
971 1522 1386 1595 destinavisset,
1432 1527 1489 1580 et
1524 1523 1602 1595 is,
1647 1522 1745 1600 qui
1783 1523 1950 1581 morti
1979 1522 2082 1580 ad-
2134 1559 2153 1569 =

78 1608 269 1666 dictus
308 1613 489 1684 esset,
534 1626 750 1688 paucos
785 1606 914 1666 sibi
919 1597 1042 1666 dies
1072 1606 1634 1667 commendandorum
1661 1623 1885 1667 suorum
1915 1625 2083 1665 causa

73 1652 509 1776 postulavisset.
540 1726 628 1738 ——-
668 1712 769 1752 vas
805 1674 986 1751 factus
1018 1689 1149 1770 [est]
1181 1691 1324 1752 alter
1349 1692 1467 1750 eius
1495 1692 1757 1775 sistendi,
1799 1696 1883 1765 ut,
1911 1693 1959 1748 si
1991 1691 2082 1755 ille

78 1795 204 1838 non
233 1780 580 1853 revertisset,
622 1779 967 1838 moriendum
1003 1783 1154 1837 esset
1192 1777 1319 1855 ipsi.
1408 1778 1518 1846 Qui
1544 1797 1713 1854 quum
1737 1778 1811 1835 ad
1838 1735 1985 1837 diem
2017 1796 2082 1836 se

35 1862 424 1939 'srecepissetz
465 1865 763 1925 admiratus
799 1882 991 1922 eorum
1037 1863 1208 1922 fidem
1243 1867 1511 1939 tyrannus
1541 1863 1770 1940 petivit,
1818 1866 1885 1921 ut
1910 1882 1972 1921 se
2003 1861 2082 1920 ad

77 1946 379 2009 amicitiam
405 1950 628 2016 tertium
654 1949 1060 2011 adscriberent.
1134 1946 1237 2006 xl.
1276 1948 1379 2014 46.
1422 1948 1611 2017 Quum
1635 1947 1805 2024 igitur
1827 1946 1905 2020 id,
1927 1936 2121 2024 quod'
2188 1958 2195 1962 ’
2262 1922 2269 1926 .
2358 1905 2369 1909 ⁸

79 2031 231 2094 utile
272 2014 538 2092 videtur
522 2054 582 2093 m
629 2034 900 2109 amicitia,
943 2053 1065 2092 cum
1102 2053 1200 2107 eo,
1241 2035 1393 2110 quod
1433 2033 1731 2093 honestum
1762 2037 1884 2107 est,
1927 2051 2082 2092 com-

77 2123 348 2202 paratur:
389 2118 571 2179 iaceat
603 2118 855 2179 utilitatis
896 2119 1141 2198 species,
1183 2118 1368 2179 valeat
1390 2120 1674 2179 honestas.
1755 2118 1942 2186 Quum
1982 2136 2080 2178 au·
2137 2174 2144 2191 ,

82 2212 207 2265 tem
236 2204 295 2261 in
318 2206 580 2281 amicitia,
621 2223 768 2283 quae
788 2204 1026 2265 honesta
1041 2222 1160 2263 non
1194 2209 1355 2279 sunt,
1386 2203 1841 2282 postulabuntur.
1884 2201 2080 2279 religio

19 2327 26 2332 -
79 2294 150 2351 et
176 2288 319 2348 fides
353 2297 727 2369 anteponatur
749 2289 1036 2351 amicitiae.
1121 2286 1218 2348 Sic
1257 2287 1590 2351 habebitur
1573 2308 1651 2364 is,
1692 2305 1860 2366 quem
1886 2287 2080 2376 exqui-

81 2374 294 2447 riuum,
331 2375 579 2436 debetne
617 2375 789 2437 offici.
2146 2379 2153 2384 ’

219 2460 339 2519 Sed
357 2461 613 2520 utilitatis·
650 2461 842 2540 specie
870 2460 933 2518 in
974 2478 1038 2525 re
1075 2458 1296 2538 publica
1337 2458 1659 2538 saepissime
1690 2461 1979 2537 peccatur,
2014 2461 2081 2517 ut

83 2546 150 2607 in
184 2544 443 2604 Corinthi
484 2546 886 2605 disturbatione
931 2546 1129 2603 nostri.
1222 2543 1430 2617 Durius
1473 2545 1644 2603 etiam
1688 2541 2097 2625 Athenienses,¹
2186 2576 2201 2601 k
2244 2520 2251 2529 ⁸

86 2631 192 2710 qui
213 2631 491 2691 sciverunt
523 2637 587 2691 ut
597 2629 915 2708 ‘Aeginetis
931 2674 950 2706 ,
991 2632 1088 2707 qui
1122 2628 1300 2690 classe
1336 2628 1593 2689 valebant
1607 2671 1627 2703 ‚
1665 2626 1889 2706 pollices
1915 2646 2081 2706 prae-

86 2717 424 2777 ciderentur.
503 2717 637 2775 Hoc
661 2717 838 2775 visum
884 2720 973 2774 est
1002 2715 1170 2775 utile:
1226 2716 1390 2789 nimis
1431 2714 1581 2773 enim
1601 2714 1925 2773 imminebat
1945 2728 2081 2793 pro·-

83 2810 219 2886 pter
235 2779 712 2880 propinquitatem
737 2776 953 2877 Aegina
985 2800 1239 2861 Piraeeo.
1321 2800 1441 2861 Sed
1463 2799 1616 2872 nihil,
1659 2799 1821 2875 quod
1832 2798 2078 2872 crudele,

85 2886 258 2951 utile:
291 2892 379 2947 est
401 2886 860 2946 enim‘hominum
885 2891 1150 2960 naturae,
1149 2903 1319 2961 quam
1343 2886 1503 2961 sequi
1527 2884 1814 2957 debemus,
1843 2884 2079 2943 maxime
2180 2898 2187 2905 ·

85 2972 312 3034 inimica
347 2971 661 3032 crudelitas.
743 2969 849 3036 47.
905 2970 1060 3030 Male
1095 2971 1298 3045 etiam,
1354 2971 1449 3046 qui
1489 2969 1812 3049 peregrinos
1848 2968 2074 3028 urbibus
2166 2973 2175 2980 ‘

82 3059 169 3119 uti
193 3057 493 3137 prohibent
531 3073 742 3135 eosque
770 3055 1169 3130 exterminant,
1212 3060 1276 3112 ut
1309 3054 1556 3116 Fannius
1574 3056 1726 3133 a'pud
1761 3060 1946 3131 patres
1973 3072 2076 3112 no-

80 3151 256 3216 stros,
280 3142 488 3221 Papius
519 3159 714 3220 nuper.
799 3139 950 3201 Nam
976 3135 1111 3198 Essa
1139 3159 1255 3198 rao
1283 3158 1454 3214 mvn,
1485 3160 1593 3209 qm
1626 3157 1782 3197 mvn
1808 3158 1927 3196 Nox
1959 3158 2076 3213 srr,

80 3234 293 3289 rectum
315 3234 410 3287 est
431 3246 546 3287 non
580 3227 774 3286 licere:
815 3243 986 3303 quam
1019 3226 1202 3302 legem
1248 3225 1491 3285 tulerunt
1518 3226 1910 3303 sapIentissimi
1941 3240 2075 3282 con·-

82 3313 235 3374 sulcs
252 3356 272 3388 ,
311 3313 553 3371 Crassus
585 3319 646 3381 et
665 3310 981 3384 'Scaevola3
1021 3331 1127 3370 usu
1166 3330 1299 3369 vero
1322 3307 1476 3371 urbis
1498 3309 1794 3386 prohibere
1821 3310 2074 3388 peregri-

80 3417 192 3460 nos
232 3415 368 3457 sane
401 3397 757 3459 inhumanum
800 3402 902 3456 est.
1000 3395 1122 3455 llla
1136 3395 1456 3475 praeclara,
1500 3396 1562 3454 in
1588 3397 1790 3470 quibus
1820 3393 2079 3472 publicae

80 3482 337 3549 &utatis
364 3483 575 3562 species
605 3500 742 3562 prae
774 3480 1066 3541 honestate
1097 3482 1482 3541 contemnitur.
1579 3479 1756 3541 Plena
1790 3477 2072 3558 exemplo-

79 3586 210 3633 rum
237 3575 325 3631 est
357 3574 551 3627 nostra
584 3587 675 3629 res
708 3560 930 3647 ρώ11ω,
951 3583 1123 3646 quum
1156 3584 1328 3646 saepe
1347 3565 1483 3627 alias
1510 3571 1631 3624 tum
1661 3565 1901 3627 maxime
1925 3562 2081 3624 bello

173 3650 411 3715 &cmo
453 3668 532 3713 na
574 3649 728 3714 Orr.
1105 3744 1112 3755 1
1613 3649 1660 3711 S
