2417 3967
305 228 391 296 52
724 230 1247 331 CICERONIS
1301 232 1421 296 DE
1456 232 1881 311 OFFIJcnS

304 386 548 446 simus.
617 387 779 456 Quae
814 390 860 447 si
888 388 1106 465 longior
1146 389 1313 449 fuerit
1350 390 1562 449 oratio:
1604 409 1729 449 cum
1758 388 2132 467 magnitudine
2155 386 2288 447 utili-

303 473 436 531 tatis
461 479 836 550 comparetur3
876 474 956 533 ita
986 476 1222 534 fortasse
1238 474 1409 552 etiam
1434 475 1654 535 brevior
1671 476 1961 535 videbitur.

429 561 530 623 2-1.
576 559 958 636 Quaecunque
999 560 1169 635 igitur
1204 559 1454 618 homines
1489 560 1695 619 homini
1718 561 1974 620 tribuunt
2015 579 2054 619 a
2069 554 2121 617 ‹1'
2149 577 2287 618 eum

301 644 698 719 augendum·
732 650 952 719 atque
982 644 1546 719 honestandam,
1580 645 2111 711 autbenevolentiae
2127 644 2291 720 gratia

298 728 536 802 faciunt,
582 748 748 805 quum
776 729 963 806 aliqua
986 730 1060 789 de
1084 747 1249 807 causa
1274 732 1587 807 quempiam
1616 724 1883 807 diligunt,
1914 737 2024 789 aut
2060 729 2292 801 lionoris,

302 814 348 870 si
379 814 528 870 cuius
553 815 811 874 virtutem
840 813 1145 893 suspiciunt
1180 833 1458 892 quemque
1485 815 1713 892 dignum
1731 817 1954 875 fortuna
1994 835 2167 892 quam
2190 833 2289 872 am-

299 896 546 977 plissima
571 904 800 976 putant,
844 905 943 958 aut
970 901 1058 958 cui
1084 900 1254 959 fidem
1282 899 1489 959 habent
1515 906 1574 959 et
1597 901 1743 960 bene
1770 902 1939 959 rebus
1966 898 2083 959 suis
2115 920 2290 961 consu-

299 981 416 1042 lere
452 984 822 1058 arbitrantur,
864 992 963 1044 aut
993 985 1146 1042 cuius
1174 1003 1319 1063 opes
1343 989 1628 1058 metuunt3
1670 993 1766 1044 aut
1788 991 2005 1059 contra,
2049 1005 2088 1044 a
2111 986 2289 1062 quiboe

183 1126 192 1131 ,
223 1104 238 1111 ,
299 1067 510 1144 aliquid
533 1074 826 1146 expectant
842 1112 860 1142 ‚
902 1074 967 1128 ut
992 1088 1161 1146 quum
1190 1088 1352 1145 reges
1373 1069 1743 1149 popularesve
1774 1069 2030 1130 homines
2055 1070 2290 1149 largitio-

301 1172 403 1212 nes
424 1152 637 1229 aliquas
670 1159 1021 1232 proponunt3
1063 1161 1163 1214 aut
1190 1160 1472 1232 postremo
1492 1154 1682 1233 “pretio
1707 1173 1774 1215 ac
1799 1157 2064 1215 mercede
2096 1157 2289 1214 ducun-

289 1238 424 1296 ‘turz
468 1256 612 1314 quae
632 1239 1013 1299 sordidissima
1042 1245 1127 1298 est
1151 1239 1243 1297 illa
1274 1239 1499 1315 quidem
1525 1242 1668 1298 ratio
1699 1245 1755 1299 et
1776 1237 2224 1316 inquinatissima
2245 1246 2291 1300 et

298 1322 421 1395 his,
461 1324 559 1398 qui
592 1342 659 1382 ea
684 1328 976 1397 tenentur,
1021 1330 1080 1382 et
1101 1323 1210 1381 illis
1226 1366 1245 1396 ,
1288 1320 1397 1400 qni*
1410 1325 1486 1382 ad
1515 1344 1639 1383 eam
1679 1327 1989 1402 confugere
2019 1335 2288 1387 conantum

297 1410 401 1470 22.
444 1407 597 1468 Male
627 1409 771 1467 enim
799 1428 858 1468 se
889 1427 978 1467 res
1008 1409 1215 1483 habet,
1258 1428 1460 1484 quum,
1508 1410 1663 1486 quod
1690 1410 1891 1469 virtute
1929 1411 2082 1470 effici
2125 1413 2290 1485 debet,

297 1492 362 1552 id
385 1497 632 1552 tentatur
666 1495 938 1572 pecunia:
1002 1494 1121 1557 Sed
1145 1494 1408 1571 quoniam
1432 1512 1829 1571 nonnunquam
1857 1495 1969 1554 hoc
2002 1497 2288 1556 subddimn

297 1579 663 1638 necessarium
704 1583 821 1638 est:
870 1580 1343 1654 quemadmodum
1382 1579 1455 1637 sit
1495 1579 1758 1638 utendum
1785 1598 1852 1638 eo
1870 1622 1889 1654 ‚
1935 1581 2216 1657 dicemus,
2250 1579 2289 1638 si

297 1664 453 1742 prius
483 1665 549 1733 iis
578 1665 654 1724 de
681 1665 864 1738 rebus,
908 1683 1055 1741 quae
1077 1663 1266 1745 virtuti
1292 1665 1582 1743 propiores
1603 1670 1768 1737 sunt,
1812 1666 2137 1727 dixerimus.
2200 1666 2289 1725 At-

299 1768 411 1827 que
451 1751 620 1809 et-iam
655 1749 1069 1815 subiiciunt
1123 1767 1204 1808 se
1240 1747 1572 1807 homines
1627 1749 1935 1827 imperio
1993 1752 2285 1812 alterius

197 1846 206 1851 “
299 1840 370 1893 et
411 1832 585 1912 pote
600 1854 627 1891 s
642 1840 665 1892 t
680 1834 789 1893 ati
826 1835 900 1893 de
914 1835 1092 1893 causis
1118 1833 1383 1913 pluribus.
1445 1833 1741 1911 Ducuntur
1762 1835 1912 1895 enim
1942 1842 2047 1895 aut
2071 1838 2284 1898 benevo-

281 1917 468 1978 ‘lentia
479 1927 576 1978 aut
591 1919 980 1977 beneficiorum
1008 1920 1392 1996 magnitudine
1406 1924 1511 1978 aut
1526 1919 1813 1996 dignitatis
1836 1923 2186 1999 praestantia
2206 1926 2284 1981 aut

299 2023 400 2083 spe
416 2048 434 2078 ‚
480 2005 584 2062 sibi
625 2005 683 2062 id
727 2003 863 2062 utile
897 2005 1171 2079 futurum,
1201 2011 1309 2064 aut
1349 2010 1529 2080 metu,
1573 2024 1646 2065 ne
1679 2007 1734 2064 vi
1776 2024 1981 2083 parere
2019 2014 2281 2086 cogantur,

297 2095 395 2149 aut
423 2108 525 2168 spe
550 2088 855 2164 largitionis
878 2090 1274 2172 promissisque
1305 2091 1469 2172 eapti,
1493 2096 1597 2150 ant
1621 2096 1926 2170 pastrerno,
1956 2099 2026 2153 ut
2053 2113 2214 2174 saepe
2235 2094 2281 2150 iu

295 2193 495 2240 nostra
513 2194 578 2241 re
601 2176 819 2259 publica
845 2178 1117 2254 videmus,
1145 2179 1400 2240 mercede
1425 2177 1694 2236 conducti.
1751 2169 1873 2235 Vn.
1909 2180 2017 2243 23.
2048 2179 2297 2239 Omnium·

287 2265 482 2325 'autem
500 2285 681 2325 rerum
706 2284 811 2325 nec
833 2267 1015 2344 aptius
1046 2272 1132 2325 est
1149 2266 1462 2342 quidquam
1480 2263 1562 2321 'ad
1583 2283 1718 2341 opes
1742 2265 1989 2324 tuendas
2016 2285 2087 2326 ac
2112 2273 2279 2327 tanen-

300 2351 402 2411 das
427 2370 593 2427 quam
617 2351 861 2428 diligi,
904 2370 1008 2411 nec
1039 2351 1279 2411 alienius
1299 2366 1475 2430 quam
1493 2354 1520 2407 t
1535 2350 1753 2411 imeri.
1836 2348 2137 2413 Praeclare
2159 2352 2279 2412 enim

296 2433 542 2495 Ennius:
791 2468 796 2475 ·
1658 2472 1669 2482 -

237 2550 260 2557 -
313 2528 322 2533 “
387 2521 561 2587 Quem
594 2527 863 2597 metuunt,
905 2521 1094 2593 odem,-
1129 2540 1286 2599 ,quem
1310 2526 1532 2601 quisque
1559 2521 1675 2580 «fidit
1694 2565 1712 2596 ,
1750 2525 1976 2600 periisse
2001 2526 2211 2603 expetit.

296 2605 597 2667 Multorum
625 2613 810 2667 autem
840 2608 982 2665 odiis
1008 2607 1182 2665 nullas
1209 2628 1346 2687 opes
1379 2626 1546 2686 posse
1571 2608 1840 2667 obsistere
1856 2652 1877 2682 ,
1921 2608 1970 2665 si
2010 2617 2176 2668 antea
2197 2606 2277 2666 fuit

296 2692 594 2768 ignotum„
619 2711 801 2771 nuper
829 2697 917 2751 est
941 2694 1246 2768 cognitum.
1277 2699 1280 2702 ’
1329 2688 1455 2751 Nec
1488 2711 1621 2751 vero
1636 2692 1804 2750 huius
1842 2695 2085 2768 tyranni
2112 2693 2276 2765 solum,

295 2796 463 2853 quem
487 2778 651 2836 armis
679 2792 950 2857 oppressa
961 2776 1188 2855 pertulit
1210 2777 1401 2836 civitas
1413 2783 1685 2856 paretque
1712 2796 1881 2854 quum
1896 2780 2138 2841 maxime
2156 2794 2276 2838 mor-

288 2864 417 2935 ino,
445 2864 703 2922 interitus
717 2862 980 2934 declarat,
1005 2863 1474 2938 quaritumodium
1501 2862 1787 2923 hominum
1799 2862 2041 2922 valetad
2063 2870 2274 2941 pestem

297 2949 399 3007 sed
441 2948 778 3025 reliquorum
823 2947 1026 3006 similes
1052 2948 1249 3006 exitus
1276 2953 1634 3022 tyrannorum
1656 2991 1673 3020 ,
1717 2966 1955 3023 quorum
1998 2949 2153 3008 haud
2178 2950 2277 3007 fere

295 3032 588 3109 quisquam
607 3034 889 3093 interitum
919 3029 1129 3111 [talem]
1158 3033 1371 3109 effugit.
1457 3031 1641 3090 Malus
1668 3032 1815 3090 enim
1845 3039 1932 3091 est
1960 3040 2152 3093 custos
2176 3032 2273 3091 diu-

293 3117 572 3176 turn—itatis
600 3123 815 3186 metus}
854 3123 1160 3193 contraque
1176 3114 1561 3197 benevolentia
1588 3115 1770 3175 fidelis
1798 3117 1887 3175 ffel
1914 3118 1993 3175 ad
2022 3116 2273 3197 perpetui·

294 3208 484 3285 tatem.
580 3201 683 3267 24.
725 3200 844 3260 Sed
883 3201 981 3275 iis,
1038 3203 1133 3279 qui
1170 3203 1224 3261 vi
1268 3221 1570 3281 oppressos
1607 3201 1840 3279 imperio
1880 3206 2169 3277 coercent,
2217 3201 2291 3269 sit,

296 3307 435 3347 sane
458 3287 773 3348 adhibenda
798 3286 1046 3359 saevitia,
1088 3292 1153 3344 ut
1176 3287 1323 3347 heris
1350 3288 1411 3345 in
1432 3285 1669 3347 famulos
1677 3330 1697 3358 ‚
1727 3287 1776 3344 si
1802 3285 1962 3347 aliter
1987 3289 2160 3348 teneri
2180 3303 2269 3344 non

205 3418 212 3421 a
292 3378 561 3450 possunt;
604 3373 703 3450 qui
729 3390 862 3430 vero
885 3371 945 3429 in
968 3369 1142 3429 libera
1171 3372 1392 3431 civitate
1412 3372 1494 3429 ita
1518 3390 1580 3429 se
1613 3371 1910 3444 instruunt,
1955 3379 2023 3431 ut
2045 3378 2271 3432 metuan-

293 3464 415 3527 tur,
456 3458 523 3515 iis
545 3457 679 3515 nihil
698 3462 888 3533 potest
909 3473 1033 3514 esse
1060 3456 1389 3515 dementius.
1474 3455 1737 3525 Quamvis
1765 3456 1913 3533 enim
1940 3458 2061 3516 sint
2082 3459 2266 3517 demer-

294 3559 392 3602 sae
420 3541 573 3619 leges
600 3540 828 3602 alicuius
856 3540 1056 3622 opibus
1069 3583 1093 3619 ,
1115 3542 1383 3618 ,quamvis
1405 3540 1688 3604 timefacta
1708 3539 1969 3602 libertas:
2005 3547 2263 3621 emergunt
