2417 3967
255 240 388 307 154
1034 242 1595 302 LAELIVS

393 396 673 465 Cooptntio
695 397 833 451 enim
860 398 1194 464 collegiorum
1221 384 1291 451 ad
1316 398 1493 466 populi
1514 399 1821 454 beneficium
1847 402 2187 455 transferebae

295 471 369 527 1⁰
394 489 516 547 tur;
558 489 717 550 atque
745 485 790 536 is
819 484 1013 552 primus
1036 485 1262 535 instituit
1286 485 1341 536 in
1368 484 1535 537 forum
1557 501 1734 539 versus
1761 500 1920 549 agere
1949 501 2063 538 cum
2088 502 2185 552 po-

308 566 357 616 P·
391 568 530 636 pulo.
616 568 820 623 Tamen
843 569 979 622 illius
1003 569 1312 623 vendibilem
1337 570 1624 625 orationem
1646 570 1829 636 religio
1854 569 2065 625 deomm
2087 570 2186 623 im-

254 617 375 674 114.

259 764 272 777 l
305 703 355 740 a.

250 856 363 906 nio
396 854 448 902 in
474 850 789 915 grammatica
814 847 925 899 Lat.
953 848 1002 912 ς.
1031 844 1150 901 174.
1173 847 1226 901 2.
1268 854 1371 900 not.
1400 846 1454 901 2.
1495 865 1524 899 e
1552 850 1655 901 Cic.
1677 851 1736 901 11.
1757 857 1849 913 flu.
1879 868 1922 902 c.
1948 851 2003 904 5.
2026 864 2098 914 pr.
2131 837 2308 898 allatum

252 928 424 974 contra
451 923 678 970 librorum
716 919 873 967 fidem.
941 920 1177 968 Nimirum
1208 919 1553 968 Ramsbornius
1593 920 1853 970 Goerenzii
1885 921 2239 970 annotationem
2259 919 2311 966 de

249 994 494 1043 varietate
530 989 750 1038 lectionis
777 988 1015 1051 probabili
1057 989 1121 1036 ad
1151 1001 1285 1048 seqq.
1320 989 1639 1050 pertinentem
1663 1004 1831 1052 parum
1872 990 2089 1039 attentus
2114 988 2312 1037 traxerat

249 1061 318 1110 ad
338 1070 568 1123 proxume
594 1057 937 1120 praecedentia
967 1058 1114 1107 verba
1128 1093 1143 1115 ,
1170 1057 1461 1106 confusionis
1490 1058 1760 1119 errorisque
1785 1064 1985 1108 auctore
2010 1061 2118 1121 ipso
2146 1057 2313 1105 editore

250 1129 304 1178 iu
345 1130 508 1177 annot.
536 1125 602 1173 ad
628 1125 709 1174 IV.
736 1119 822 1184 24,
852 1125 937 1177 67.
969 1142 1017 1189 p.
1058 1123 1179 1177 505.
1204 1141 1253 1173 a.
1268 1162 1283 1187 ,
1314 1125 1398 1186 qui
1428 1127 1575 1175 etiam
1597 1125 1655 1174 V.
1692 1126 1741 1185 9,
1766 1124 1854 1177 24.
1900 1132 2073 1176 contra
2097 1125 2313 1184 Lambini,

249 1195 435 1246 Davisii
451 1229 468 1255 ,
510 1193 709 1242 Ernesti
738 1196 1084 1244 correctionem
1111 1198 1273 1242 tuetur
1301 1195 1610 1243 ludicativum
1637 1196 1687 1244 in
1715 1211 1795 1245 vv.
1821 1201 1998 1259 incipit
2032 1231 2046 1244 .
2086 1228 2102 1243 .
2139 1229 2154 1243 .
2185 1199 2315 1242 intel-

251 1268 447 1326 legere,
489 1279 633 1322 quoem
664 1266 718 1308 ob
735 1294 742 1297 -
758 1278 952 1310 causam
985 1266 1017 1310 Ιι
1033 1268 1177 1312 abet
1210 1280 1317 1310 eum
1335 1299 1349 1324 ,
1396 1280 1532 1324 quem
1568 1269 1806 1326 diximus,
1856 1270 2012 1315 animi
2051 1268 2314 1326 appetitum.

252 1332 500 1395 Zumptius
532 1330 594 1378 de
635 1330 850 1378 omnibus
883 1333 990 1379 istis
1019 1332 1139 1380 locis
1163 1332 1492 1398 ,controversis
1525 1332 1673 1395 facile
1702 1336 1839 1383 nobis
1866 1335 2182 1397 persuaserit.
2243 1332 2314 1381 Sic

252 1403 402 1451 etiam
428 1417 519 1462 pro
547 1403 722 1460 Ligur.
746 1398 809 1446 X.
836 1397 887 1449 2.
922 1399 1238 1449 Indicativum
1268 1400 1579 1448 Heumannus
1605 1405 1790 1450 temere
1818 1403 1929 1460 eoi.
1955 1404 2178 1451 obtrusit.
2238 1401 2314 1449 Vi·

251 1470 426 1523 deutur
459 1472 621 1517 tamen
643 1467 743 1515 alia
767 1469 1001 1528 quaedam
1028 1470 1248 1532 exempla
1278 1482 1565 1532 superesse,
1610 1473 1662 1518 ut
1700 1484 1761 1518 ex
1785 1488 1854 1520 or.
1887 1476 1942 1521 in
1970 1481 2092 1532 toga
2124 1472 2314 1520 canaida

250 1553 331 1604 ap.
371 1538 520 1587 Orell.
560 1536 658 1586 vol.
682 1536 739 1584 11.
780 1536 836 1584 P.
863 1538 900 1585 1.
941 1553 989 1600 p.
1018 1534 1137 1588 523.
1165 1538 1334 1601 fragm.
1367 1539 1580 1600 paenult.
1626 1543 1712 1587 Me
1745 1556 1840 1600 qua
1877 1526 2073 1589 ratione
2108 1542 2316 1588 inductui

181 1612 198 1631 ⁹
251 1619 324 1658 eat
351 1618 408 1658 ut
437 1615 778 1673 commueret,
828 1612 1115 1655 constituere
1151 1622 1247 1654 non
1280 1606 1500 1667 possum.-
1555 1607 1682 1667 quod
1706 1611 1955 1669 utrumque
1985 1609 2242 1658 membrum
2262 1621 2313 1656 ne

249 1676 645 1739 interrogationis
680 1675 817 1735 signo
859 1675 1131 1737 dispescas:
1176 1675 1469 1724 Indicativus
1509 1676 1739 1725 maiorem
1781 1678 2143 1726 excusationem
2184 1677 2313 1731 babet

251 1747 302 1796 in
329 1746 541 1795 membro
564 1748 679 1793 ante
706 1744 916 1803 verbum,
951 1743 1075 1791 unde
1105 1744 1298 1807 pendet,
1331 1744 1505 1806 posito.
1577 1745 1800 1794 Certiora
1829 1749 1939 1793 suut
1965 1746 2217 1807 poetarum
2240 1757 2312 1793 ex·

250 1816 425 1877 empla,
458 1826 655 1874 quorum
681 1816 843 1859 tamen
871 1826 1027 1860 sermo
1055 1826 1204 1875 prope
1246 1811 1547 1860 Graecanico
1574 1826 1708 1860 more
1735 1814 1946 1862 alacrior
1967 1828 2000 1861 a
2023 1815 2188 1862 sobrio
2203 1827 2311 1877 ,pro-

249 1885 484 1932 sariorum
520 1894 604 1927 usu
647 1881 834 1941 longius
873 1881 1044 1939 distat,
1081 1886 1136 1929 ut
1160 1894 1238 1942 ap.
1282 1879 1423 1929 ovid.
1451 1880 1637 1929 metam.
1666 1881 1728 1928 X.
1757 1880 1875 1932 637.
1948 1882 2059 1930 Nec
2098 1896 2213 1931 vero
2236 1883 2312 1930 huc
2344 1878 2357 1887 “

248 1952 461 2015 pertinet
486 1950 547 1996 ib.
583 1962 708 1995 vers.
731 1940 851 1998 393.
922 1948 1011 1998 eff.
1047 1949 1217 1998 Vech
1233 1946 1370 1996 u'eri
1406 1953 1629 1998 hellenol.
1660 1954 1742 1997 lib.
1764 1951 1800 1997 Ι.
1825 1955 1882 1997 P.
1905 1946 1956 1999 2.
1983 1965 2026 1998 c.
2047 1949 2135 2001 26.
2169 1951 2311 2012 ibique

248 2018 606 2079 Heusingerus3
642 2016 969 2080 Wopkens.
1006 2022 1138 2066 lectt.
1171 2014 1437 2068 mall&
1464 2015 1645 2080 p.,145.
1680 2019 1983 2068 chsner.
2010 2019 2063 2068 in
2089 2019 2192 2069 Cic.
2217 2021 2308 2068 eou-

243 2103 297 2153 p.
328 2084 414 2139 23.
448 2084 490 2131 F
507 2086 821 2134 rotscher.
863 2086 927 2134 ad
951 2087 1175 2139 Quinctil.
1204 2086 1267 2135 X.
1302 2084 1350 2146 1,
1376 2085 1421 2136 1.
1458 2091 1579 2135 extr.
1602 2102 1648 2150 p.
1666 2085 1715 2138 8.

388 2152 669 2216 ooopmio]
715 2153 819 2204 Erf.
847 2156 921 2204 ed.
948 2159 1048 2204 vet.
1076 2170 1117 2202 s.
1149 2156 1181 2203 l.
1208 2155 1244 2215 -ι-
1268 2159 1524 2217 coaptatio.
1594 2155 1668 2204 De
1687 2160 1989 2217 'coaptatione
2015 2159 2310 2219 collegiorum

246 2240 295 2277 v.
317 2223 536 2277 Dukerus
563 2222 627 2270 ad
650 2221 757 2272 Liv.
785 2222 1009 2272 XXXIX.
1039 2218 1124 2282 45,
1150 2222 1198 2289 8.
1223 2227 1260 2271 t.
1290 2222 1350 2272 V.
1375 2239 1422 2286 p.
1449 2216 1568 2275 401.
1605 2225 1654 2272 H
1670 2225 1764 2272 ein
1780 2225 1945 2273 cccii
1977 2232 2161 2286 antiqq,
2182 2224 2308 2273 Rom.

245 2299 371 2344 iuris
395 2296 708 2355 prudentiam·
741 2296 1096 2343 illustrandum
1116 2303 1399 2355 syntagma,
1445 2292 1556 2342 libri
1583 2293 1621 2340 1.
1644 2292 1849 2356 append.
1876 2293 1923 2356 §.
1953 2292 2037 2346 66.
2064 2310 2117 2358 p.
2139 2292 2254 2346 287.
2274 2308 2308 2343 s.

247 2363 325 2414 ed.
358 2362 619 2412 Hauboldi.

387 2448 433 2511 ἓ.
466 2446 547 2499 10.
596 2450 780 2509 primus
802 2444 907 2496 Erf.
931 2444 989 2494 L.
1016 2461 1050 2493 α
1072 2461 1158 2511 pro
1185 2445 1316 2509 vulg.
1343 2451 1568 2509 primum.
1609 2471 1679 2481 —
1713 2445 1771 2495 D.
1799 2446 1916 2499 106.
1948 2434 2209 2498 constituit.
2258 2446 2306 2497 L·

247 2520 286 2584 β
311 2522 586 2568 instruitur.
621 2540 690 2551 --
725 2515 783 2564 L.
812 2532 845 2562 α
870 2533 977 2565 cum
1014 2520 1192 2578 populo
1216 2523 1282 2568 ><
1305 2531 1466 2577 agere.
1535 2515 1620 2564 Sic
1648 2520 1809 2564 autem
1832 2518 1973 2565 homo
2005 2518 2242 2579 popularis
2267 2517 2306 2564 in

189 2594 198 2599 “
248 2586 582 2637 contumeliam
606 2587 803 2633 senatus
825 2584 1208 2644 contionabatur,
1245 2598 1338 2633 nou
1369 2585 1521 2632 solum
1549 2597 1688 2645 quum
1717 2585 1777 2631 de
1798 2585 2101 2644 sacerdotiis,
2138 2586 2222 2633 sed
2245 2589 2306 2633 et·

245 2656 345 2706 iam
382 2666 522 2717 quum
536 2653 777 2715 agrariam
811 2653 968 2714 legem
1009 2653 1176 2712 ferret,
1215 2657 1343 2702 teste
1370 2652 1588 2702 Varrone
1619 2657 1678 2700 R.
1708 2657 1770 2700 R.
1806 2653 1842 2700 I.
1870 2652 1922 2712 2,
1949 2652 1999 2703 9.
2029 2654 2062 2701 t'.
2112 2659 2163 2701 G.
2189 2656 2306 2701 Lici·

246 2730 359 2781 nius
406 2728 626 2771 tribunus
697 2726 815 2770 lehi·
848 2737 985 2781 quom
1020 2732 1144 2770 esset
1173 2733 1289 2787 post
1328 2739 1468 2783 reges
1508 2731 1697 2770 exactos
1731 2737 1858 2768 anno
1899 2720 2171 2770 CCCLXV.
2213 2722 2306 2782 (z
2372 2734 2378 2761 ¹

247 2793 304 2841 A.
332 2790 390 2841 V.
418 2792 473 2839 C.
499 2791 581 2838 DC
665 2820 666 2823 =
691 2791 772 2851 .):
817 2794 1063 2851 primun
1093 2792 1326 2852 populum
1350 2796 1416 2838 ad
1452 2794 1586 2850 leges
1612 2794 1921 2852 accipianda
1959 2794 2013 2836 in
2036 2800 2216 2859 septem
2240 2794 2305 2836 ἰυ-

246 2873 368 2922 ‘era
403 2864 483 2907 aa
508 2865 716 2917 forum
751 2875 971 2907 versu·
1006 2877 1033 2909 e
1054 2864 1251 2908 Commo
1275 2863 1467 2909 eduxit.-
1504 2861 1557 2906 ut
1585 2859 1825 2919 volgatam
1851 2858 2124 2917 lectionem,
2152 2863 2304 2919 iugero

239 2923 576 2989 forensia,
628 2940 751 2986 quae
796 2931 904 2974 orta
940 2928 1133 2976 videtur
1164 2943 1191 2976 e
1231 2915 1473 2976 scribendi
1511 2927 1803 2988 compendiis
1843 2939 2012 2974 vocum
2061 2927 2303 2974 cohaeren-

246 2997 392 3055 tium,
430 2994 724 3043 correximus
748 2994 859 3042 olim
897 2995 961 3042 ad
987 2996 1046 3044 Π.
1078 3001 1156 3054 off.
1185 2995 1273 3057 22,
1300 2994 1386 3046 78.
1414 3009 1484 3057 pr.
1528 3009 1680 3056 comp.
1712 2994 1977 3052 Columella
2003 2995 2042 3044 1.
2071 2993 2122 3053 3,
2152 2994 2228 3046 10.
2255 2998 2303 3041 do

247 3068 522 3115 Licinianis
561 3064 667 3109 illi·
701 3067 989 3124 septenis
1023 3069 1392 3126 iugeribus,
1426 3079 1547 3124 quae
1581 3068 1739 3124 plebis
1778 3067 2001 3111 tribunus
2038 3068 2218 3111 viritim
2240 3065 2303 3110 di·

246 3139 443 3184 viserat.
471 3154 478 3159 ·
510 3130 711 3179 Rustica
742 3133 816 3177 est
836 3132 961 3179 enim
992 3133 1192 3182 Graevii
1228 3131 1561 3195 interpretatio
1590 3141 1767 3192 septem
1795 3136 1970 3191 iugera
1998 3137 2216 3191 forensia
2236 3144 2302 3179 ru·

246 3203 371 3252 stice
391 3198 556 3250 vocari
578 3199 731 3246 forum
756 3196 1019 3247 Romanum
1034 3234 1049 3259 ,
1087 3202 1221 3248 cuius
1246 3217 1305 3249 ea
1326 3206 1439 3249 tunc
1465 3200 1724 3261 amplitudo
1757 3201 1835 3249 vel
1858 3213 2084 3249 mensura
2111 3202 2213 3249 sine
2233 3213 2303 3247 oo-

246 3271 382 3321 mitlo
414 3269 560 3318 fuisse
585 3264 821 3314 videatur.
891 3267 1127 3316 Nimirum
1155 3274 1342 3317 centum
1369 3269 1507 3316 annis
1541 3269 1671 3316 velut
1694 3269 1869 3330 gummi
1899 3268 2151 3318 clasticum
2179 3262 2303 3317 aliam

246 3339 373 3388 inter
399 3336 548 3387 colles
568 3333 937 3396 amplitudinem,
970 3334 1115 3383 aliam
1134 3350 1402 3385 mensuram
1424 3335 1587 3386 nescio
1617 3350 1708 3398 quo
1738 3338 1883 3399 pacto
1910 3342 2186 3401 acceperat.
2218 3334 2301 3384 Ali·

248 3412 324 3457 ter
346 3411 508 3456 tamen
535 3405 879 3466 interpretatus
913 3406 989 3452 est
1020 3403 1272 3453 Niebub
1288 3405 1420 3455 rius
1435 3441 1452 3469 ,
1484 3403 1542 3454 V.
1565 3404 1747 3467 Petili„
1780 3405 1832 3453 in
1862 3409 2030 3456 histor.
2057 3411 2190 3457 Rom.
2213 3408 2246 3454 t.
2269 3401 2297 3451 Ι.

417 3684 522 3713 ...³1-
