2417 3967
302 276 387 342 5⁰
490 296 494 305 ·
721 240 1254 349 cicanNis
1293 271 1884 370 naor-mens
1974 334 1981 337 ,

310 430 520 494 factos.
505 453 521 469 ·
565 450 711 511 qnae
737 431 885 492 unde
913 432 1032 493 sine
1075 431 1359 493 hominum
1398 451 1570 514 opere
1603 430 1815 493 habere
1850 426 2179 512 possemus?
2217 428 2305 491 Ex

303 521 511 598 quibus
532 519 825 595 multisque
858 516 978 577 aliis
994 517 1361 599 perspicuum
1358 523 1463 605 est,
1487 519 1584 597 qui
1601 519 1813 595 fructus
1833 535 2090 596 quaeque
2111 517 2306 577 utilita-

312 614 401 665 tes
432 624 501 666 ex
517 603 718 666 rebus
704 604 792 676 iis,
833 622 977 680 quae
1001 605 1172 662 sunt
1157 605 1453 687 inanimae,
1480 590 1889 683 percipiantur,
1905 612 2002 663 eas
2026 620 2141 663 nos
2165 601 2306 663 nullo

313 692 487 751 modo
528 692 648 750 sine
680 688 964 748 hominum
1003 692 1173 748 manu
1213 694 1387 768 atque
1413 706 1585 769 opera
1619 704 1819 773 capere
1847 689 2118 790 potuisse.
2202 672 2308 757 Qui

315 777 560 854 denique
587 795 656 836 ex
684 771 876 833 bestiis
905 775 1111 833 fructus
1148 780 1250 833 aut
1291 793 1440 861 quae
1477 775 1872 850 commoditas,
1911 774 2023 832 nisi
2063 773 2307 833 homines

199 864 206 879 ¹
314 863 686 935 adiuvarent,-
715 859 940 955 percipi
974 857 1216 940 posset?
1266 852 1417 920 Nam
1452 864 1511 921 et
1548 861 1647 939 qui
1673 858 1950 955 principes
1997 856 2308 920 inveniendi

289 950 568 1021 .suerunt‚
608 962 777 1023 quem
803 963 872 1005 ex
899 963 1120 1023 quaque
1142 945 1306 1006 belua
1336 964 1497 1005 usum
1532 946 1738 1006 habere
1764 949 2099 1024 possemus,
2142 942 2310 1004 hunti-

314 1052 416 1092 nes
446 1037 595 1093 certe
622 1032 876 1102 fuerunt·‚
902 1049 1007 1089 nec
1027 1029 1135 1089 hoc
1158 1036 1414 1110 tempore
1443 1033 1565 1091 sine
1587 1030 1865 1091 hominum
1893 1028 2073 1108 op'era
2096 1035 2198 1089 aut
2221 1045 2311 1107 pa-

303 1124 482 1178 scere·
500 1136 595 1177 eas
621 1121 717 1174 aut
737 1116 965 1174 domare
986 1121 1081 1174 aut
1107 1117 1251 1175 tueri
1274 1123 1370 1176 aut
1394 1117 1755 1196 tempestivos
1793 1116 2004 1174 fructus
2030 1126 2110 1174 ex
2138 1114 2210 1173 iis
2231 1131 2313 1173 cn-

313 1196 448 1284 pere
471 1220 791 1280 possemus3
834 1201 906 1259 ab
931 1201 1255 1279 eisdemque
1286 1207 1347 1262 et
1374 1221 1475 1262 eae
1500 1221 1646 1279 quae
1668 1205 1872 1260 nocent
1897 1199 2312 1272 interficiuntur,

315 1293 377 1348 et
400 1306 541 1364 quae
558 1286 682 1345 usui
704 1289 941 1365 possunt
964 1304 1087 1347 esse
1108 1288 1414 1367 capiuntur.
1476 1287 1575 1369 15
1603 1286 1759 1357 Quid
1768 1302 2091 1346 enumerem
2120 1282 2311 1344 artium

313 1373 753 1446 multitudinem,
821 1371 941 1430 sine
976 1372 1176 1449 quibus
1218 1373 1332 1432 vita
1376 1372 1600 1431 omnino
1641 1369 1793 1431 nulia
1835 1386 1962 1431 esse
2004 1363 2311 1450 potuissd'l

318 1458 472 1528 Quid
494 1458 639 1519 enim
674 1456 856 1533 aegris
898 1456 1246 1531 subveniret,
1288 1475 1435 1536 quae
1480 1462 1630 1518 esset
1663 1456 1960 1517 oblectatio
2002 1449 2311 1527 valentium,

317 1545 413 1621 qui
435 1544 610 1603 victus
634 1547 731 1603 aut
755 1541 962 1616 cultus,
1002 1543 1111 1601 nisi
1133 1547 1249 1602 tam
1284 1543 1493 1603 multae
1527 1542 1688 1603 nobis
1716 1547 1862 1601 artes
1894 1535 2310 1602 ministrarat?

319 1629 538 1700 Quibus
562 1629 727 1689 rebus
760 1626 971 1688 exculta
991 1628 1273 1701 hominum
1292 1631 1409 1688 vita
1430 1632 1644 1690 tantum
1668 1628 1841 1688 distat
1863 1644 1898 1685 a
1920 1627 2075 1686 victu
2093 1631 2157 1687 et
2178 1624 2310 1685 mlta

313 1714 634 1775 bestiarum.
718 1713 907 1773 Urbes
932 1732 1065 1777 vero
1087 1714 1222 1775 sine
1249 1714 1534 1773 hominum
1561 1718 1724 1774 coetu
1746 1710 1861 1771 non
1880 1713 2311 1791 potuissentnec

86 1812 95 1825 ⁸
185 1854 199 1867 ,
231 1811 236 1815 “
313 1799 597 1859 aedificari
632 1816 736 1858 nec
764 1797 1143 1875 frequentari:
1199 1818 1270 1859 ex
1316 1819 1429 1877 qno
1469 1799 1626 1876 leges
1669 1814 1969 1874 moresque
2010 1795 2309 1870 constituti,

205 1902 210 1909 ·
262 1940 265 1947 ,
316 1892 433 1943 tum
460 1884 591 1944 iuris
617 1902 797 1962 aequa
823 1884 1119 1965 descriptio
1147 1891 1408 1963 certaque
1431 1883 1652 1944 vivendi
1673 1882 2009 1976 disciplina·
2049 1900 2193 1959 quas
2224 1899 2308 1939 res

318 1976 379 2029 et
403 1971 771 2029 mansuetudo
793 1969 1101 2028 animorum
1124 1976 1417 2030 consecuta
1435 1975 1496 2030 et
1521 1960 1851 2030 verecundia
1877 1973 1987 2042 est,
2028 1966 2309 2027 effemin-

317 2075 429 2132 que
450 2045 512 2113 ut
540 2056 688 2114 esset
709 2053 822 2110 vita
841 2056 1116 2131 munitior,
1140 2060 1311 2134 atque
1338 2060 1402 2115 ut
1426 2055 1616 2114 dando
1638 2046 1696 2115 et
1714 2053 2040 2132 accipiendo
2063 2057 2310 2114 mutuan-

317 2140 515 2217 disque
541 2138 887 2198 facultatibus
923 2145 982 2200 et
1018 2132 1431 2200 commodandis
1458 2139 1608 2201 nulla
1629 2159 1694 2201 re
1714 2157 2025 2216 egeremus
2108 2136 2180 2196 V.
2217 2139 2306 2202 16.

247 2222 254 2228 ’
316 2222 626 2303 Longiores
655 2223 906 2285 hocloco
930 2229 1120 2284 sumus
1147 2245 1313 2304 quam
1334 2245 1561 2287 necesse
1581 2231 1681 2285 est.
1769 2224 1914 2294 Quis
1941 2229 2027 2284 est
2048 2223 2198 2283 enim
2227 2220 2307 2280 cui

287 2308 432 2379 [non
466 2310 757 2390 perspicua
788 2310 901 2367 sint
935 2311 1029 2371 illa
1044 2355 1062 2387 ‚
1106 2330 1252 2388 quae
1288 2312 1537 2392 pluribus
1568 2311 1751 2371 verbis
1788 2328 1825 2369 a
1852 2308 2161 2370 Panaetio
2167 2327 2309 2369 com·

317 2400 718 2469 memorantur,
759 2395 1035 2455 neminem
1069 2415 1256 2474 neque
1296 2398 1490 2456 ducem
1524 2396 1685 2456 belli
1689 2412 1797 2456 nec
1814 2395 2135 2475 principem
2167 2392 2307 2454 domi

316 2498 547 2558 magnas
577 2499 667 2539 res
703 2484 760 2539 et
782 2478 1049 2558 salutares
1090 2482 1209 2541 sine
1249 2481 1534 2541 hominum
1562 2481 1759 2540 studiis
1795 2499 1995 2557 gerere
2029 2475 2309 2558 potum?

319 2566 369 2623 C
372 2569 797 2635 cmmemoratur
823 2564 893 2624 ab
922 2585 990 2625 eo
1016 2564 1440 2642 Themistocles,
1482 2565 1741 2640 Pericles,
1756 2566 1968 2644 Cyrus,
2010 2564 2306 2641 Agesilaus,

247 2644 254 2649 ’
317 2651 646 2729 Alexander,
690 2670 830 2728 quos
858 2656 1033 2727 negat
1057 2651 1176 2710 sine
1206 2652 1535 2712 adiumentis
1558 2651 1844 2711 hominnm
1867 2656 2055 2710 tantas
2082 2669 2173 2710 res
2194 2647 2305 2715 effi·

318 2750 442 2796 cere
471 2736 748 2817 potuisse-
813 2735 1010 2794 Utitur
1034 2733 1094 2793 in
1118 2755 1181 2795 re
1206 2756 1322 2795 non
1355 2738 1525 2797 dubia
1554 2737 1787 2806 testibus
1823 2754 1941 2795 non
1977 2734 2303 2795 necessarie·

316 2818 503 2898 Atque
526 2825 588 2879 ut
636 2837 868 2897 magnas
898 2819 1165 2881 utilitates
1201 2822 1553 2901 adipiscimur
1591 2820 2001 2900 conspiratione
2036 2820 2303 2883 hominum

317 2911 485 2983 atque
511 2923 811 2966 consensu:
854 2907 933 2966 sic
957 2905 1106 2964 nulla
1126 2913 1240 2967 tam
1270 2907 1609 2967 detestabilis
1649 2908 1825 2987 pestis
1850 2912 1971 2983 est,
2010 2924 2159 2983 quae
2188 2920 2309 2965 non

181 2982 204 2989 ”
301 2987 523 3049 ¹homini
552 2991 623 3048 ab
643 2990 866 3051 homine
889 2997 1165 3051 nascatur.
1221 2990 1324 3051 Est
1345 2991 1669 3053 Dicaearchi
1692 2992 1833 3051 liber
1859 2992 1932 3057 de
1965 2992 2194 3052 interitu
2213 2990 2302 3049 bo·

315 3075 541 3146 minum,
567 3074 918 3155 Peripatetici
934 3078 1124 3154 magni
1147 3083 1204 3136 et
1233 3077 1474 3156 copiosi,
1515 3077 1611 3155 qui
1631 3076 1871 3138 collectis
1897 3077 2093 3137 ceteris
2118 3076 2302 3147 causis,

251 3153 264 3171 '
315 3158 609 3232 eluvionis,
666 3160 1011 3238 pestilentiae
1024 3204 1042 3235 ‚
1100 3162 1397 3236 vastitatis,
1459 3161 1745 3222 beluarum
1790 3162 1958 3222 etiam
1993 3163 2305 3242 repentinae

315 3242 707 3322 multitudinis,
747 3264 981 3323 quarum
1009 3249 1222 3326 impetu
1262 3246 1427 3307 docet
1464 3248 1741 3326 quaedam
1779 3247 2065 3307 hominum
2111 3263 2303 3324 genera

314 3349 438 3389 esse
464 3319 820 3407 consumpta,
865 3324 1068 3391 demde
1098 3338 1385 3410 comparat
1404 3337 1629 3410 quanto
1653 3330 1840 3414 plures
1867 3333 2039 3393 deleti
2066 3333 2178 3392 sint
2213 3333 2305 3390 lio-

312 3415 487 3474 mines
535 3413 816 3473 hominum
852 3415 1096 3495 impetu,
1137 3417 1198 3476 id
1235 3422 1351 3493 est,
1392 3412 1548 3478 bellis
1572 3425 1671 3478 aut
1698 3418 2103 3529 seditionibus,
2148 3433 2302 3496 quum

243 3546 251 3557 ,
312 3499 460 3556 omni
487 3498 697 3576 reliqua
723 3499 1045 3560 calamitate.

441 3584 540 3647 17.
577 3584 772 3654 Quum
791 3584 967 3667 igitur
1015 3568 1124 3644 fric
1137 3584 1293 3647 locus
1332 3587 1467 3649 nihil
1504 3584 1713 3651 habeat
1750 3562 2143 3667 dubitationis,
2181 3586 2304 3668 qm
