2417 3967
359 254 448 356 214
778 282 1296 347 CICERONIS
1347 285 1463 348 DE
1518 284 1929 387 OFFJcIIS

361 451 470 507 est.
503 440 504 443 ’
551 439 840 500 Exstincto
863 432 1015 501 'enim
1047 449 1245 503 senatu
1256 438 1581 519 ‘deletisque
1614 443 1827 503 iudiciis
1871 442 2004 520 quid
2046 449 2161 516 est,
2200 441 2337 520 quod

362 533 594 609 dignum
619 527 778 585 nobis
808 532 904 584 aut
945 529 1003 584 in
1033 528 1182 586 curia
1222 529 1399 586 autin
1424 528 1548 586 foro
1581 547 1751 605 agere
1771 529 2041 608 possimus
2055 527 2091 585 2
2144 531 2198 591 3.
2226 527 2338 586 ·Ita-

360 635 473 694 que
499 613 594 692 qui
618 613 679 671 iu
710 613 947 670 maxima
984 612 1305 673 celebritate
1340 619 1510 691 atque
1548 614 1606 671 in
1645 613 1815 672 oculis
1847 610 2044 673 civium
2078 613 2338 692 quondam

356 701 686 772 vixerimus,
742 717 890 765 nunc
931 698 1213 773 fugientes
1265 704 1624 777 conspectum
1675 698 2104 774 sceleratorum,
2160 699 2337 776 quibus

357 786 545 853 omnia
573 783 929 858 redundant,
982 784 1234 842 abdimus
1274 803 1379 843 nos
1417 791 1687 861 quantum
1722 784 1884 860 licet,
1937 790 1998 845 et
2035 803 2214 863 saepe
2252 781 2339 841 soli

355 866 564 933 sumus.
648 869 767 928 Sed
792 867 924 946 quia
948 868 1028 927 sic
1047 869 1119 928 ab
1145 866 1457 929 hominibus
1482 870 2019 949 doctisaccepimuS,
2059 889 2171 928 non
2196 868 2339 927 solun

355 977 424 1017 ex
458 955 620 1016 malis
646 954 839 1030 eligere
876 956 1096 1019 minima
1138 961 1369 1033 oportere
1384 992 1417 1030 ,ι
1457 954 1550 1013 sed
1594 959 1752 1017 etiam
1797 975 2070 1034 excerpere
2115 974 2184 1013 ex
2231 952 2333 1031 [Itis]

282 1104 288 1117 ,
351 1045 519 1123 ipsis,
569 1043 621 1101 si
661 1038 808 1119 quid
834 1041 1023 1098 inesset
1062 1040 1216 1105 boni.-
1266 1045 1566 1120 propterea
1606 1050 1666 1101 et
1706 1040 1820 1100 otio
1862 1042 2053 1115 fruor,
2118 1059 2234 1123 non
2265 1037 2336 1099 illo

350 1129 576 1206 quidem
590 1169 609 1201 ,
654 1143 767 1202 quo
802 1125 1042 1184 debebat
1075 1128 1122 1185 is
1142 1170 1161 1202 ,
1205 1127 1302 1203 qui
1323 1127 1613 1202 quondam
1648 1126 1961 1206 peperisset
2012 1128 2198 1185 otium
2232 1124 2339 1185 civi-

258 1236 266 1246 ·
348 1213 453 1274 tati
473 1254 492 1286 ,
535 1230 640 1270 nec
678 1229 803 1271 eam
841 1209 1190 1271 solitudinem
1227 1211 1492 1289 languere
1528 1208 1747 1290 patior,
1806 1230 1975 1289 quam
2021 1211 2164 1271 mihi
2203 1211 2338 1271 affert

346 1297 649 1359 necessitas
665 1340 684 1371 ,
738 1312 853 1354 non
902 1294 1171 1357 voluutas.
1251 1296 1311 1362 4.
1373 1298 1707 1374 Quanquam
1754 1293 2048 1355 Africanus
2096 1296 2337 1356 maiorem

301 1384 312 1397 ⁸
345 1383 571 1444 laudem
595 1401 725 1442 meo
746 1382 949 1441 iudicio
978 1382 1397 1461 assequebatur.
1480 1382 1653 1443 Nulla
1683 1382 1826 1443 enim
1855 1382 1975 1441 eius
2014 1383 2215 1460 ingeni
2241 1400 2337 1441 mo·

343 1473 613 1531 numenta
650 1469 918 1528 mandata
953 1468 1162 1543 literis,
1201 1467 1408 1526 nullum
1446 1486 1585 1547 opus
1626 1468 1734 1542 (iti,
1787 1465 2001 1526 nullum
2024 1464 2339 1527 ‘solitudinis

345 1573 546 1616 munus
576 1559 770 1615 exstat.
855 1553 941 1611 Ex
962 1573 1073 1630 quo
1100 1554 1335 1631 intelligi
1370 1554 1568 1629 debet,
1611 1553 1765 1613 illum
1802 1555 2008 1633 mentis
2049 1553 2337 1632 agitatione

340 1640 879 1717 investigationeque
908 1659 1094 1698 earum
1121 1659 1303 1701 rerum
1317 1684 1337 1713 ,
1382 1659 1521 1717 quas
1557 1640 1860 1716 cogitando
1884 1640 2337 1717 consequebatur,

340 1745 529 1803 neque
558 1726 798 1784 otiosum
819 1742 922 1784 nec
949 1725 1124 1784 solum
1150 1744 1397 1803 unquam
1423 1727 1610 1784 fuisse.
1694 1723 1818 1783 Nos
1844 1729 2034 1783 autern
2052 1768 2072 1798 ‚
2125 1726 2222 1803 qui
2243 1742 2335 1782 uon

335 1817 561 1871 tantum
588 1809 801 1870 roboris
833 1808 1101 1869 habemus
1136 1816 1199 1869 ut
1225 1811 1559 1886 cogitatione
1577 1809 1748 1870 tacita
1775 1808 1850 1886 [a]
1888 1808 2200 1870 solitudine
2227 1810 2337 1868 abs·

337 1896 653 1971 trahamur,
706 1897 781 1956 ad
816 1895 960 1954 hanc
986 1896 1263 1955 scribendi
1293 1915 1519 1974 operam
1551 1914 1716 1956 omne
1752 1894 2002 1953 studium
2049 1913 2334 1973 curamque

336 1980 721 2043 convertimus.
803 1979 1002 2057 Itaque
1028 1980 1187 2061 plura
1215 1981 1371 2040 brevi
1408 1986 1660 2058 tempore
1687 1981 1912 2053 eversa,
1960 1999 2139 2057 quam
2169 1980 2335 2039 multis

338 2066 497 2126 annis
524 2070 707 2124 stante
728 2083 793 2125 re
815 2065 1065 2142 publica,
1107 2067 1436 2145 scripsimus.
1505 2065 1578 2126 11.
1619 2064 1677 2130 5.
1721 2064 1835 2124 Sed
1863 2082 2037 2142 quum
2063 2070 2197 2124 tota
2224 2066 2337 2144 phi·

335 2149 621 2229 Iosophia,
677 2151 753 2209 mi
789 2150 1019 2227 Cicero,
1072 2152 1339 2229 frugifera
1373 2157 1433 2211 et
1466 2153 1748 2220 fructuosa
1784 2169 1889 2209 nec
1922 2149 2038 2208 ulla
2069 2168 2206 2228 pars
2230 2152 2333 2210 eius

206 2236 209 2243 ⁴
277 2300 284 2309 ,
331 2234 540 2296 inculta
565 2254 633 2295 ac
672 2235 894 2295 deserta
920 2238 1019 2295 sit:
1065 2243 1188 2296 tum
1226 2237 1405 2296 nullus
1450 2236 1734 2297 feracior
1717 2255 1776 2294 111
1816 2254 1886 2294 ea
1919 2234 2075 2295 locus
2118 2243 2208 2295 ω
2244 2255 2335 2294 nec

330 2322 589 2394 uberior,
634 2340 802 2399 quam
844 2322 918 2380 de
947 2321 1174 2398 officiis,
1219 2342 1253 2382 a
1295 2323 1491 2403 quibus
1532 2325 1849 2381 constanter
1891 2321 2241 2399 honesteque
2262 2322 2332 2379 vi·

331 2408 501 2468 vendi
524 2412 823 2486 praecepta
846 2406 1138 2465 ducuntur.
1194 2405 1384 2476 Quare
1417 2427 1734 2486 quanquam
1761 2425 1796 2464 a
1822 2406 2102 2485 Cratippo
2135 2414 2330 2477 nostro,

209 2548 216 2553 .
327 2493 581 2574 principe
610 2491 770 2550 huius
790 2493 1087 2551 memoriae
1111 2492 1586 2572 philosophorum,
1629 2492 1768 2552 haec
1808 2495 1870 2550 te
1894 2493 2129 2551 assidue
2157 2494 2331 2551 audire

332 2578 508 2655 atque
530 2576 780 2656 accipere
801 2578 1053 2637 confido,
1094 2584 1280 2636 tamen
1309 2580 1616 2638 conducere
1643 2575 1914 2653 arbitror,
1953 2576 2162 2636 talibus
2188 2596 2328 2636 aare·

330 2670 457 2722 tuas
480 2663 704 2722 vocibus
738 2664 984 2740 undique
1005 2664 1395 2722 circumsonari
1415 2683 1519 2724 nec
1549 2683 1665 2738 eas,
1707 2662 1755 2720 si
1776 2662 1901 2720 fieri
1927 2663 2137 2741 possit,
2180 2664 2328 2740 quid-

330 2767 499 2826 quam
526 2745 678 2806 aliud
704 2748 912 2813 audire.
973 2751 1031 2813 6.
1078 2747 1253 2816 Quod
1279 2768 1448 2825 quum
1480 2749 1732 2807 omnibus
1758 2752 1847 2807 est
1862 2748 2206 2820 faciendum,
2246 2750 2326 2826 qui

207 2852 214 2859 ²
326 2835 498 2893 vitam
534 2832 826 2893 honestam
851 2834 1073 2909 ingredi
1096 2834 1376 2910 cogitant,
1419 2839 1539 2893 tum
1573 2833 1722 2916 haud
1751 2834 1867 2891 scio
1899 2851 1975 2891 an
2004 2835 2214 2892 nemini
2236 2853 2327 2914 po-

324 2919 434 2977 tius
459 2933 625 2995 quarn
651 2919 769 2976 tibi.
854 2918 1110 3001 Sustines
1141 2921 1289 2979 enim
1315 2938 1428 2978 non
1454 2912 1683 2999 parvam
1710 2920 2234 2998 exspectationem
2218 2919 2326 2978 rmi-

321 3005 530 3064 tandae
568 3004 873 3063 industriae
909 3010 1171 3079 nostrae,
1209 3024 1469 3082 magnam
1506 3004 1812 3079 honorum,
1852 3005 2185 3065 nonnullam
2226 3007 2327 3065 for-

261 3118 266 3123 ·
321 3094 476 3147 tasse
510 3088 760 3148 nominis.
848 3089 1157 3170 Suscepisti
1186 3110 1323 3148 onus
1353 3096 1645 3169 praeterea
1672 3109 1845 3167 grave
1887 3096 1945 3150 et
1985 3088 2325 3150 Athenarum

321 3174 383 3233 et
410 3174 703 3252 Cratippi3
758 3173 831 3231 ad
885 3192 1027 3250 quos
1065 3194 1235 3252 quum
1263 3181 1528 3252 tanquam
1557 3176 1631 3235 ad
1665 3181 2035 3235 mercaturam
2065 3177 2324 3236 bonarum

318 3259 519 3317 artium
558 3261 632 3317 sis
667 3256 978 3337 profectus:
1033 3261 1255 3321 inanem
1290 3262 1472 3321 redire
1516 3261 1891 3342 turpisSimum
1926 3267 2047 3335 est,
2089 3263 2325 3323 dedeco-

318 3351 535 3403 rantem
573 3350 632 3404 et
660 3342 810 3405 urbis
838 3345 1219 3406 auctoritatem
1248 3348 1305 3405 et
1329 3346 1596 3424 magistri.
1683 3346 1875 3417 Quare
1897 3353 2173 3424 quantum
2200 3366 2323 3407 oon-

305 3427 424 3486 -niti
449 3429 617 3487 animi
641 3433 835 3507 potes,
878 3435 1146 3503 quantum
1163 3431 1362 3492 'labore
1386 3434 1742 3505 contendere,
1785 3431 1865 3507 (si
1894 3433 2150 3492 discendi
2178 3433 2321 3492 labor

318 3519 405 3572 est
444 3513 628 3591 potius
663 3530 829 3590 quam
869 3512 1175 3592 voluptas,)
1226 3523 1439 3577 tantum
1483 3521 1572 3589 tac
1608 3524 1671 3576 ut
1708 3516 1950 3594 efficias,
1995 3537 2144 3579 neve
2179 3536 2318 3579 com·

314 3599 504 3657 mittas
532 3603 629 3672 ut,
679 3614 848 3675 quum
875 3600 1061 3659 omnia
1093 3603 1453 3684 suppeditata
1480 3605 1592 3664 sint
1628 3622 1664 3664 a
1690 3604 1852 3667 nobis
1869 3648 1891 3684 ,
1928 3609 2056 3664 tute
2081 3605 2190 3664 tibi
2226 3605 2318 3664 de—
