2417 3967
571 425 614 450 θ
732 439 737 445 .

108 745 173 866 ᾖ
238 798 245 802 -
373 697 1162 896 'PRAEFATIO
1224 723 1834 888 LIBRARH.

117 1070 192 1178 In
223 1095 576 1159 collectione
606 1097 971 1178 scriptorum
1015 1096 1392 1160 Graecorum
1434 1101 1500 1159 et
1533 1094 1949 1158 Romanorum
1964 1136 1985 1168 ,
2029 1111 2188 1174 quae

115 1181 248 1243 meis
274 1184 567 1244 sumtibus
592 1189 659 1244 et
685 1185 849 1263 typis
877 1183 1143 1264 prodiit,
1187 1183 1295 1244 diu
1321 1183 1668 1265 desiderata
1689 1186 1790 1242 est
1818 1180 2008 1242 editio
2025 1189 2185 1260 ‘ope-

114 1284 231 1328 rnm
250 1266 334 1328 M.
363 1267 558 1329 Tullii
580 1266 926 1343 Ciceronis,
965 1276 1299 1351 propterea
1325 1268 1492 1348 quod
1529 1286 1711 1328 nemo
1741 1265 2187 1341 inveniebatur,

114 1351 201 1429 qui
224 1359 338 1414 tam
368 1352 560 1433 ampli
591 1354 795 1433 operis
829 1355 1056 1415 edendi
1090 1374 1298 1416 curam
1323 1354 1678 1433 susciperet.
1722 1352 2002 1412 Tandem
2035 1350 2187 1427 mihi

113 1437 601 1519 circumspicienti
628 1457 772 1501 sese
800 1436 1024 1503 obtulit
1055 1441 1115 1500 b.
1140 1440 1428 1518 Beierus,
1470 1440 1535 1499 in
1560 1437 1678 1498 hac
1706 1433 2037 1508 literarum,
2047 1436 2188 1497 uni-

109 1523 369 1584 versitate
396 1522 718 1604 professor
745 1525 1202 1597 meritissimus,
1237 1524 1429 1603 quiin
1459 1511 1764 1604 primariis
1795 1522 1902 1583 otii
1931 1521 2189 1584 literarii

109 1609 345 1686 negotiis
372 1610 441 1669 id
472 1608 588 1668 sibi
613 1615 934 1688 posuerat,
981 1615 1049 1670 ut
1076 1609 1359 1672 Ciceroni
1385 1608 1766 1692 emendando
1798 1606 2189 1689 explicando·
2243 1633 2256 1642 -

50 1735 57 1740 -
112 1709 212 1768 qne
240 1713 488 1772 operam
512 1694 917 1773 impenderet,
948 1694 1325 1756 etdiutnrm
1355 1692 1580 1766 studio,
1610 1712 1734 1771 quo.
1761 1692 1826 1751 in
1851 1711 1990 1752 eum
2015 1697 2189 1752 recte

110 1775 550 1858 intelligendum
564 1775 945 1853 incubuerat,
971 1785 1199 1840 tantam
1216 1780 1334 1841 sibi
1345 1784 1665 1859 paraverat
1679 1777 1946 1839 omnium
1959 1792 2188 1852 rerum,

112 1861 300 1939 quibus
325 1866 389 1925 in
427 1882 508 1926 eo
537 1864 780 1925 edendo
811 1883 962 1945 opus
994 1871 1191 1938 esset,
1236 1864 1721 1941 seientiam-,cum
1746 1862 1977 1941 ingenii
2014 1880 2190 1942 saga-
2283 1879 2302 1883 ·

28 1983 29 2008 ;
112 1946 270 2010 citate
299 1949 636 2027 iudiciique
670 1950 1021 2013 maturitate
1061 1950 1446 2011 coniunctam
1462 1991 1483 2022 ,
1535 1955 1607 2010 ut
1651 1948 2189 2028 praestantissimis
2259 2021 2286 2028 -

28 2049 31 2078 r
108 2028 298 2100 horum
325 2035 626 2096 librorum
665 2035 910 2096 arbitris
933 2053 1052 2096 non
1088 2055 1225 2096 meo
1248 2035 1362 2096 sed
1389 2034 1634 2115 publico
1666 2034 1926 2113 virorum
1959 2033 2189 2096 doctis-

28 2161 31 2180 s
111 2116 371 2182 simorum
406 2119 641 2188 iudicio
680 2127 1197 2182 annumeraretur.
1257 2121 1351 2181 Ab
1395 2139 1471 2180 eo
1513 2120 1698 2198 igitur
1726 2119 1983 2180 multum
2022 2117 2189 2179 exci-

108 2203 271 2266 tando
295 2213 359 2268 et
387 2201 791 2284 efflagitando
822 2207 1174 2286 impetravi,
1200 2205 1364 2267 utin
1391 2205 1704 2266 Ciceronis
1730 2203 1903 2264 libris
1930 2203 2187 2265 edendis
2269 2281 2272 2284 Δ

28 2337 29 2368 2
110 2303 259 2350 suam
296 2309 553 2370 operam
577 2290 728 2351 mihi
754 2291 1088 2372 sponderet
1121 2310 1351 2369 eosque
1380 2290 1718 2352 recensitos
1754 2290 1826 2350 et'
1847 2289 2198 2356 annotatio-·

106 2370 258 2436 nibus
297 2375 640 2438 instructos
686 2394 826 2437 meo
863 2381 1068 2440 sumtu
1102 2377 1267 2455 typis
1300 2375 1590 2440 mandare
1620 2373 1978 2453 susciperet.
2036 2372 2187 2434 Pro·

84 2471 91 2478 ²
107 2458 354 2521 missioni
370 2461 448 2523 ab
477 2461 616 2524 anni
633 2462 910 2540 proxime
924 2461 1323 2541 praeterlapsi
1341 2467 1516 2540 parte
1544 2466 1815 2521 extrema
1832 2458 2189 2521 satisfacere

28 2577 29 2588 κ
108 2544 290 2623 coepit
315 2550 539 2626 atque,
587 2565 725 2608 cum
755 2565 868 2625 per
891 2547 1134 2625 aliquod
1163 2552 1406 2628 tempus
1434 2544 1653 2616 dubius
1687 2544 2025 2624 haesisset,
2066 2562 2188 2623 quo

105 2628 469 2704 potissimum
501 2630 659 2692 libro
688 2630 1033 2692 editionem
1050 2632 1402 2705 inchoaret,
1441 2629 1717 2692 Laelium
1743 2629 1964 2708 elegit,
2002 2650 2040 2691 a
2067 2647 2188 2708 quo

109 2728 241 2790 opus
267 2715 678 2784 exordiretur.
738 2707 1130 2780 Rem'autem
1157 2717 1245 2778 ita
1272 2716 1571 2791 instituit,
1613 2721 1682 2776 ut
1722 2715 2027 2796 duplicem
2056 2713 2188 2778 edi-

105 2795 310 2862 tionem
348 2808 757 2882 proponeret,
807 2801 1060 2863 alteram
1096 2802 1393 2868 minorem
1408 2845 1430 2876 ,
1478 2820 1634 2883 quae
1660 2801 2005 2862 scholarum
2048 2799 2189 2861 usui
2217 2875 2220 2878 .

107 2879 391 2947 destinata
431 2892 599 2948 oeset
612 2929 632 2960 ,
675 2885 928 2954 alteram
972 2888 1267 2949 maiorem
1282 2931 1302 2963 ,
1348 2877 1505 2966 quiae
1542 2893 1838 2967 apparatu
1868 2884 2081 2951 critico
2103 2889 2189 2946 ‚et

105 2970 528 3038 commentario
569 2971 878 3052 pleniore,
934 2978 1226 3051 quantum
1264 2972 1414 3034 satis
1452 2979 1654 3046 esset,
1696 2972 2189 3052 emendationum

102 3050 374 3117 vindicias
392 3060 462 3118 et
474 3050 746 3118 locorum
761 3057 1175 3120 difficilimum
1187 3058 1723 3138 interpretationes
1737 3058 2079 3120 exhiberet.
2103 3058 2190 3119 At

105 3150 233 3200 vero
249 3140 361 3202 viti
376 3142 889 3221 praestantissimi
905 3142 1160 3205 consilio
1188 3143 1383 3205 fatum
1412 3161 1533 3204 non
1554 3142 1808 3216 addixit,
1836 3151 2020 3222 atque
2043 3161 2189 3204 cum

103 3220 371 3287 editionis
417 3225 591 3289 mum
634 3227 942 3290 deducere
972 3229 1072 3291 vix
1103 3229 1440 3310 incepisset
1455 3271 1475 3302 ,
1516 3228 1677 3289 vitae
1714 3226 1888 3289 filum
1936 3226 2189 3310 immitis

100 3301 277 3373 Pares
306 3312 678 3391 pncsecuit.
716 3313 1093 3394 Amplissimi
1126 3313 1331 3396 operis
1357 3318 1596 3394 partem
1622 3311 1900 3391 exiguam
1926 3320 2187 3385 tantum,

99 3389 366 3456 laeuum
382 3437 403 3470 ,
431 3396 717 3479 absolvit,
752 3399 868 3467 sed
895 3399 982 3476 ita
1012 3399 1270 3461 absolvit
1286 3440 1306 3472 ,
1340 3403 1411 3459 ut
1436 3398 1604 3460 ne-in
1633 3397 1754 3459 hoc
1783 3398 2031 3477 quidem
2058 3393 2208 3458 dia-⁴

98 3472 231 3558 logo
255 3478 485 3556 omnia,
512 3473 672 3565 «fuae
694 3484 970 3549 voluerat
983 3530 1005 3565 ,
1032 3485 1170 3568 ipse
1200 3483 1561 3567 absolveret.
1601 3482 1852 3546 Etenim
1879 3502 2019 3546 cum
2048 3482 2187 3544 luce

172 3569 290 3626 Cro.
328 3571 502 3628 Iun..
1409 3621 1432 3632 -
1696 3587 1735 3630 a
1889 3574 1900 3585 ‘
