2417 3967
379 246 390 253 ³
508 234 1511 403 12113.1.‘cAP.-11.12.›13.
1629 344 1635 353 .
1926 298 2013 361 59

32 448 280 508 rideam
295 467 334 507 u
349 465 382 507 r
397 491 417 522 ,
450 448 559 509 etsi
573 448 632 508 in
651 469 718 510 eo
734 448 859 529 ipso
875 448 957 508 vis
982 449 1231 511 maxima
1250 456 1358 525 est,
1383 455 1446 510 ut
1468 450 1637 510 simus
1650 450 1689 509 ii
1714 448 1807 528 qui
1818 448 2012 510 haberi
2110 496 2127 511 s

33 532 222 609 velimus
237 575 258 609 ,
301 540 497 599 tamen
530 535 806 613 quaedam
838 541 1138 614 praecepta
1177 535 1368 594 danda
1397 542 1545 595 sunt.
1611 524 1778 595 'Nam
1809 535 1856 592 si
1886 536 2009 613 quis

32 617 72 677 ὼ
93 618 316 679 ineunte
333 624 541 691 ,aetate
566 620 737 697 habet
755 636 981 681 causam
1006 619 1339 679 celebritatis
1366 626 1422 680 et
1445 621 1684 680 nominis
1718 626 1818 678 aut
1844 638 1879 678 a
1906 639 2014 698 pa-

32 722 84 764 re
102 710 393 783 acceptam
407 704 602 783 (quod
630 706 754 781 tibi,
795 706 871 766 mi
896 706 1092 766 Cicero
1107 749 1126 779 ,
1167 706 1404 764 arbitror
1429 706 1758 783 contigisse)
1787 710 1881 763 aut
1907 704 2011 764 ali-

32 807 108 865 [uo
134 806 264 848 casu
289 795 471 867 atque
490 793 750 852 fortuna:
791 792 853 851 in
879 790 1022 850 hunc
1051 789 1194 849 oculi
1221 792 1466 853 omnium
1492 791 1880 866 coniiciuntur,
1924 796 2011 848 at-

32 892 107 948 [ue
145 875 202 933 in
252 894 418 949 eum,
463 876 600 954 quid
627 882 793 954 agat,
857 870 1327 954 quemadmodum
1367 877 1549 952 vivat,
1599 875 1890 954 inquiritur
1929 867 2008 949 et,

32 975 252 1036 anquam
277 960 341 1019 in
372 960 679 1022 clarissima
705 962 826 1022 luce
852 968 1120 1039 versetur,
1159 963 1240 1021 ita
1270 961 1478 1021 nullum
1504 963 1796 1035 obscurum
1821 966 2010 1038 potest

32 1061 100 1102 nec
136 1044 346 1125 dictum
389 1046 510 1106 eius
553 1066 679 1108 esse
724 1067 830 1108 nec
862 1049 1084 1107 factum.
1172 1045 1276 1129 45.
1320 1049 1570 1118 Quorum
1612 1053 1794 1106 autem
1827 1046 2009 1124 prima
2068 1088 2078 1098 .

32 1132 146 1188 letas
166 1136 404 1210 propter
441 1132 799 1194 humilitatem
837 1137 896 1193 et
933 1132 1323 1193 obscuritatem
1361 1134 1422 1192 in
1459 1133 1739 1195 hominum
1781 1133 2009 1207 ignora-
2118 1126 2129 1137 ⁸

31 1212 144 1274 ione
168 1222 461 1292 versatur,
502 1218 543 1278 ii
566 1219 724 1278 simul
754 1237 821 1279 ac
845 1219 1071 1278 iuvenes
1099 1237 1226 1278 esse
1252 1225 1556 1298 coeperunt
1570 1261 1589 1295 ,
1630 1235 1836 1294 magna
1880 1236 2006 1296 spe-

33 1304 140 1358 tare
165 1305 225 1361 et
243 1301 415 1362 ad‘ea
438 1305 599 1364 rectis
629 1305 821 1364 studiis
848 1303 1057 1363 debent
1074 1307 1448 1365 contendere:
1490 1305 1643 1381 quod
1665 1304 1734 1364 εδ
1763 1302 2013 1363 firmiore·

32 1384 174 1443 mitno
201 1386 415 1449 facient
428 1431 448 1463 ,
492 1382 623 1467 q'uia
648 1409 763 1449 non
800 1390 968 1450 modo
1005 1408 1122 1448 non
1166 1390 1445 1450 invidetur
1486 1389 1562 1449 illi
1600 1389 1774 1449 aetati
1817 1406 2006 1448 verum

32 1467 159 1529 :tiam
185 1473 424 1532 favetur.
959 1476 970 1485 '
1185 1542 1200 1553 ‚

118 1554 302 1617 Prima
344 1565 435 1619 est
475 1558 646 1637 igitur
691 1560 1030 1622 adolescenti
1071 1559 1597 1633 commendationi
1638 1557 1869 1635 gloriam
1882 1602 1901 1632 ,
1956 1558 2003 1616 si

32 1656 111 1714 lua
131 1659 195 1700 ex
222 1642 530 1704 bellicis
571 1646 788 1706 rebus
824 1648 1132 1726 comparari
1171 1652 1390 1727 potest;
1428 1644 1488 1703 in
1515 1662 1625 1721 qua
1654 1643 1813 1702 multi
1855 1644 2023 1721 apud⁸

32 1724 225 1786 naiores
254 1736 483 1791 nostros
516 1731 872 1791 exstiterunt:
914 1750 1130 1811 semper
1160 1733 1309 1792 enim
1344 1731 1464 1790 fere
1484 1728 1629 1788 bella
1654 1729 2005 1807 gerebantur.

32 1804 124 1868 fua
145 1818 327 1877 autem
352 1820 512 1876 aetas
536 1816 727 1876 incidit
752 1818 811 1876 in
838 1817 897 1876 id
939 1818 1143 1877 bellum
1157 1861 1177 1893 ,
1214 1816 1363 1876 cuius
1400 1815 1576 1876 altera
1606 1834 1738 1894 pars
1781 1813 2004 1873 sceleris
2103 1859 2116 1872 .

32 1892 218 1956 nimium
261 1899 489 1976 habuit,
546 1900 724 1961 altera
753 1901 1027 1963 felicitatis
1060 1922 1276 1984 parum.
1363 1902 1492 1971 Quo
1534 1906 1722 1960 tamen
1764 1897 1819 1958 in
1855 1897 2003 1967 bello

33 1996 162 2054 {uum
186 1988 247 2043 te
274 1984 577 2065 Pompeius
600 1986 907 2061 alaealteri
931 1991 1319 2068 praefecisset:
1361 2002 1623 2064 magnam
1647 1985 1868 2051 laudem
1892 1990 1951 2044 et
1969 2002 2006 2043 a

35 2081 206 2125 *ummo
221 2070 338 2129 viro
356 2078 416 2131 et
427 2071 500 2132 ab
514 2073 753 2132 exercitu
765 2077 1181 2151 consequebare
1191 2071 1840 2152 equitando,‘iaculando,
1855 2070 2007 2130 omni

34 2148 214 2213 nilitari
257 2154 454 2235 labore
490 2156 802 2218 tolerando.
887 2156 1074 2238 Atque
1110 2179 1179 2221 ea
1195 2212 1210 2219 -
1225 2159 1449 2237 quidem
1497 2163 1594 2216 tua
1633 2157 1752 2216 laus
1797 2156 2006 2236 pariter

34 2251 119 2294 um
140 2257 200 2299 re
220 2238 451 2325 publica
476 2243 688 2303 cecidit.
769 2244 910 2304 Mihi
934 2250 1121 2305 autem
1145 2243 1284 2304 haec
1306 2242 1489 2302 oratio
1512 2248 1766 2320 suscepta
1789 2261 1904 2301 non
1931 2241 2005 2301 de

34 2336 64 2376 e
86 2328 198 2399 est,
244 2328 347 2472 ⁸3¹
358 2329 460 2473 tde
499 2346 709 2407 genere
740 2335 885 2391 toto.
974 2331 1160 2400 Quam
1209 2329 1284 2389 ob
1324 2348 1445 2389 rem
1484 2345 1786 2409 pergamus
1827 2328 1902 2386 ad
1938 2344 2005 2387 ea
2036 2412 2045 2427 ,

34 2423 142 2479 luae
167 2430 255 2470 res
316 2433 355 2472 n
389 2456 403 2471 .

78 2576 91 2591 .
132 2492 230 2593 46.
271 2499 360 2559 Ut
397 2497 566 2577 igitur
608 2499 696 2559 in‘
715 2500 938 2579 reliquis
982 2501 1147 2562 rebus
1183 2500 1360 2561 multo
1415 2500 1629 2561 maiora
1664 2504 1797 2557 sunt
1834 2515 2008 2576 opera

34 2585 651 2665 numnquamcorporis:
697 2589 776 2647 sic
797 2607 898 2648 eae
924 2606 1034 2662 res,
1076 2605 1217 2666 quas
1257 2587 1554 2665 ingenio
1596 2603 1674 2644 ac
1716 2584 2006 2644 ratione

34 2670 407 2744 mrsequimur,
451 2671 723 2747 gratiores
765 2678 898 2732 sunt
935 2692 1103 2750 quam
1138 2672 1295 2749 illae,
1335 2688 1473 2751 quas
1514 2671 1737 2730 viribus.
1819 2668 2008 2728 Prima

36 2745 167 2819 gitur
182 2755 583 2815 commendatio
597 2758 958 2836 proficiscitur
983 2777 1018 2817 a
1044 2777 1148 2819 mo
1166 2758 1408 2820 destia
1434 2777 1580 2817 cum
1618 2755 1909 2835 pietate
1930 2754 2001 2811 in
2116 2816 2120 2823 ‚

36 2845 381 2915 ›ai-entes,
439 2841 507 2900 in
562 2860 722 2902 suos
770 2842 1323 2908 benevolentia.
1408 2843 1687 2903 Facillime
1721 2847 1905 2900 autem
1946 2836 2021 2899 et‘

36 2933 63 2971 n
91 2922 346 2998 optimam
374 2931 590 3006 partem
616 2935 1023 3009 cognoscuntur
1042 2929 1593 3000 adolescentes,
1636 2927 1756 3005 qui
1797 2944 1874 2985 se
1913 2924 2005 2983 ad

36 2999 245 3068 :laros
289 3018 362 3072 et
403 3012 788 3091 sapientes
829 3015 1066 3091 viros,
1119 3016 1305 3074 bene
1362 3012 1850 3075 consulentes
1891 3010 2001 3070 rei

36 3088 377 3172 ›ublicae,
432 3098 956 3174 contulerunt3
1020 3101 1347 3180 quibuscum
1405 3100 1452 3159 si
1491 3101 1810 3177 frequentes
1854 3103 2002 3168 sunt,

36 3171 317 3246 minionem
343 3182 587 3243 afferunt
605 3185 838 3265 populo,
880 3206 1071 3247 eorum
1095 3188 1302 3246 ibre‘se
1327 3184 1551 3260 similes,
1594 3203 1738 3262 quos
1765 3181 2003 3263 sibiipsi

37 3253 310 3337 'elegerint
332 3269 407 3327 ad
432 3270 778 3333 imitandum.
865 3271 967 3338 47.
1008 3271 1076 3333 Ρ.
1107 3270 1281 3331 Rutssi
1305 3269 1733 3331 adolescentiam
1764 3269 1839 3328 ad
1881 3268 2005 3345 opi-
2036 3286 2049 3303 =
2170 3276 2175 3285 ’

36 3339 222 3436 [louein
259 3356 317 3411 et
338 3353 685 3418 innocentiae
708 3362 766 3417 et
798 3358 931 3419 iuris
973 3356 1233 3418 scientiae
1260 3389 1325 3401 -
1373 3355 1439 3417 P.
1461 3355 1616 3439 Mtici
1651 3352 2005 3414 commenda·

38 3431 87 3483 'it
126 3431 333 3497 domus.
353 3444 372 3469 “
416 3438 567 3500 Nam
601 3441 670 3503 L.
724 3445 951 3521 quidem
978 3446 1247 3516 Crassus,
1303 3461 1474 3520 quum
1516 3446 1665 3502 esset
1704 3438 2001 3515 admodum

38 3510 358 3615 udolfscens,
399 3542 515 3585 non
554 3527 777 3589 aliunde
822 3533 1104 3589 mutuatus
1146 3533 1268 3601 est3
1315 3528 1418 3588 sed
1461 3526 1568 3586 sibi
1618 3528 1742 3605 ipse
1782 3522 2005 3605 peperit

38 3611 293 3685 mmmm
324 3607 551 3675 ‘laudem
590 3632 660 3675 ex
689 3612 788 3676 illa
826 3614 1174 3677 accusatione
1208 3614 1385 3675 nobili
1416 3618 1475 3674 et
1513 3610 1760 3689 gloriosa
1771 3639 1902 3685 7—-
1932 3612 2003 3685 ,et
