2417 3967
1087 113 1110 153 Ἰ
1152 137 1158 143 .

493 259 716 324 ···.L113
756 259 856 325 ιιι
942 260 1154 324 CAR·
1195 212 1295 328 19.
1338 267 1440 331 9ο.
1462 200 1590 334 91
1849 210 1855 220 ’
1966 269 2097 353 ⁴os

90 420 191 482 viri
215 419 341 479 boni
382 420 601 480 functus
633 422 727 478 est
770 422 886 481 tum
899 460 921 494 ,
963 438 1160 496 quum
1200 424 1428 499 praetor
1480 424 1630 482 es‘set
1662 409 2085 504 collegiumque

88 485 388 589 praetorum
413 506 622 565 tribuni
644 496 794 584 plebi
821 505 1222 579 adhibuissent,
1264 512 1331 565 ut
1354 525 1444 566 res
1472 510 1780 569 nummaria
1806 511 1878 569 de
1911 530 2062 568 com-

85 592 235 654 muni
260 592 530 653 sententia
557 591 998 670 constitueretur.
1081 590 1394 651 lactabatur
1432 594 1581 651 enim
1627 595 1963 674 temporibus
1989 594 2062 654 il-

84 679 153 738 lis
198 697 439 736 nummus
482 677 594 749 sic,
650 681 717 735 ut
757 695 922 736 nemo
962 683 1154 755 posset
1187 678 1331 736 scire
1376 678 1513 755 quid
1563 678 1809 740 haberet.
1907 681 2064 739 Con-

82 764 409 843 scripserunt
439 762 826 835 communiter
838 762 1078 822 edictum
1114 782 1239 821 cum
1267 780 1452 841 poena
1482 770 1652 846 atque
1678 765 1882 824 iudicio
1920 766 2060 825 con-

79 851 532 926 stitueruntque,
544 838 627 906 ut*
649 867 821 906 omnes
858 847 1030 906 niniul
1047 850 1107 905 in
1137 848 1347 924 Rostra
1368 855 1492 925 post
1527 850 1792 909 meridiem
1821 848 2077 911 escendo-¹

78 939 214 994 rent.
278 933 352 992 Et
384 933 556 994 ceteri
591 934 814 1011 quidem
853 933 990 992 alius
1027 933 1172 1005 alio·
1212 933 1425 1017 Marius
1452 935 1522 994 ab
1548 935 1865 1015 subselliis
1846 954 1908 997 ιιι
1938 937 2063 995 Ro-

78 1026 196 1081 stra
229 1018 376 1079 recta
416 1020 585 1096 idque
602 1060 622 1092 ,
662 1021 819 1096 quod
853 1019 1216 1078 communiter
1246 1020 1611 1099 compositum
1655 1022 1866 1098 fuerat,
1908 1015 2060 1081 solus

77 1106 267 1167 edixit.
344 1105 420 1162 Et
448 1122 516 1164 ea
539 1123 650 1185 res»,
692 1105 739 1163 si
767 1106 1019 1186 quaeris»,
1062 1105 1115 1163 ei
1142 1116 1348 1181 magno
1376 1104 1575 1173 honori
1603 1107 1723 1165 suit.
1785 1103 2058 1166 Omnibus
2144 1158 2163 1173 Ι

72 1192 210 1251 vicis
232 1195 472 1266 statuam
517 1189 592 1248 ad
624 1209 719 1250 eas
745 1197 856 1283 tus,
903 1191 1066 1249 cerei.
1152 1191 1305 1260 Quid
1337 1189 1554 1250 multa?
1598 1191 1785 1252 Nemo
1815 1207 2061 1277 unquam

71 1275 415 1339 multitudini
451 1275 559 1336 fuit
604 1277 793 1335 carior.
889 1278 1003 1341 ⁴81,
1057 1275 1219 1335 Haec
1267 1276 1398 1335 sunt
1450 1295 1595 1355 quae
1628 1278 1961 1339 conturbent
1999 1278 2061 1345 in
2144 1284 2147 1289 ’

68 1361 472 1444 deliberatione
497 1362 928 1439 nonnunquam,
970 1381 1140 1439 quum
1170 1361 1251 1434 id,
1292 1362 1353 1420 in
1380 1380 1493 1439 quo
1526 1363 1763 1449 violatur
1785 1364 2062 1455 aequitaS,

65 1468 192 1510 non
221 1451 299 1506 ita
324 1463 605 1524 magnum,
638 1446 775 1506 illud
794 1452 998 1521 autem,
1041 1446 1193 1524 quod
1232 1465 1301 1506 ex
1322 1465 1392 1507 eo
1421 1448 1656 1525 paritur,
1694 1441 2063 1527 permagnum
2140 1464 2149 1471 ’

64 1535 320 1595 videtur.
363 1539 426 1591 ut
466 1531 649 1593 Mario
679 1532 997 1612 praeripere
1029 1531 1257 1609 collegis
1287 1537 1344 1592 et
1370 1533 1604 1593 tribunis
1646 1533 1799 1613 plebi
1826 1532 2063 1613 popula-

63 1638 198 1681 rem
216 1617 457 1696 gratiam
490 1637 606 1678 non
633 1618 712 1676 ita
742 1623 940 1698 turpe,
986 1617 1271 1677 consulem
1310 1618 1385 1678 ob
1413 1637 1536 1679 eam
1560 1638 1679 1678 rem
1709 1619 1863 1692 fieri,
1906 1617 2089 1713 quod

57 1704 179 1767 sibi
205 1710 321 1763 tum
346 1709 745 1783 proposuerat,
792 1703 955 1763 valde
982 1703 1114 1763 utile
1142 1703 1449 1765 videbatur.
1532 1704 1652 1764 Sed
1683 1705 1924 1763 omnium
1945 1721 2061 1762 una

59 1789 268 1868 regula
310 1794 433 1863 est,
497 1808 665 1867 quam
701 1789 806 1848 tibi
845 1789 1007 1869 cupio
1055 1806 1181 1849 esse
1222 1789 1594 1851 notissimam·
1660 1794 1794 1848 aut
1836 1787 2059 1862 illud,

60 1873 272 1956 quod
310 1874 495 1935 utile
545 1876 876 1951 videtur,
938 1879 1155 1955 turpe
1195 1894 1283 1937 ne
1324 1876 1457 1950 sit3
1500 1880 1656 1948 aut,
1715 1874 1776 1934 si
1831 1867 2102 1952 turpe·

54 1966 222 2034 est,
265 1978 349 2019 ne
391 1960 734 2020 videatur
775 1972 935 2021 es‘se
976 1959 1173 2021 utile.
1261 1917 1664 2057 Quidigitur‘ss'
1691 1975 2071 2039 possumusne

50 2051 169 2109 aut
196 2045 346 2105 illum
380 2044 622 2106 Marium
668 2047 847 2107 virum
880 2048 1092 2106 bonum
1127 2034 1408 2123 iudicare,
1447 2052 1548 2107 aut
1568 2044 1761 2109 hunc?
1828 2042 2061 2124 Explica

47 2139 262 2212 atque
284 2118 479 2192 excute
509 2108 936 2217 intelligentiam
972 2137 1121 2193 tuam
1135 2174 1158 2206 ,
1216 2136 1282 2189 ut
1315 2092 1508 2193 videas
1521 2174 1542 2208 ,
1584 2151 1732 2210 quae
1766 2132 1843 2189 sit
1887 2131 1948 2189 in
1986 2146 2061 2191 ea

42 2218 312 2300 specieS,
336 2218 534 2281 forma
559 2224 618 2277 et
643 2219 799 2277 notio
829 2219 933 2277 viri
956 2217 1109 2276 boni.
1194 2215 1366 2276 Cadit
1386 2237 1522 2298 ergo
1549 2219 1610 2276 in
1646 2218 1823 2279 virum
1848 2215 2060 2275 bonum

38 2302 290 2367 mentiri
320 2297 672 2363 emolumenti
715 2303 801 2363 sui
838 2322 1002 2363 causa
1018 2345 1038 2377 ,
1078 2301 1388 2380 criminari,
1430 2303 1748 2385 praeripere
1761 2345 1781 2377 ,
1820 2297 2061 2365 fallere?
2098 2372 2105 2382 ,

35 2387 221 2453 Nihil
252 2389 511 2466 profecto
536 2389 733 2448 minus,
820 2391 923 2456 82.
964 2385 1076 2447 Est
1108 2405 1247 2489 ergp
1273 2386 1385 2448 uua
1407 2408 1499 2467 res
1525 2387 1668 2448 tanti
1692 2391 1792 2446 aut
1812 2386 2059 2473 comnio-

37 2478 197 2535 dum
226 2471 402 2533 ullum
427 2478 543 2532 tam
568 2474 975 2553 expetendum,
1018 2479 1085 2532 ut
1115 2473 1222 2533 ,viri
1246 2473 1382 2533 boni
1407 2460 1468 2534 et
1492 2472 1848 2556 splendorem
1873 2475 1930 2532 et
1949 2454 2061 2529 no?-

31 2580 189 2623 men
218 2556 488 2629 amittas?
534 2560 689 2628 Quid
715 2564 806 2619 est
827 2559 983 2637 quod
1024 2558 1229 2619 afferre
1251 2550 1468 2621 tantum
1497 2559 1700 2619 utilitas
1724 2558 1869 2631 ista,
1902 2573 2060 2656 ‘quae
2124 2620 2131 2637 2

27 2646 292 2717 dicitur,
336 2645 549 2724 possit,
581 2650 872 2723 quantum
911 2645 1170 2717 auferre,
1209 2644 1268 2724 *si
1308 2646 1442 2705 boni
1464 2646 1572 2705 viri
1593 2661 1799 2703 nomen
1826 2641 2062 2721 eripue-

25 2734 117 2793 rit
133 2728 173 2788 ἓ
218 2688 397 2793 fic’lem
421 2728 797 2808 iustitiamque
824 2728 1164 2791 detraxerit?
1207 2731 1361 2801 Quid
1389 2731 1538 2797 enim
1572 2730 1838 2804 interest,
1873 2733 2062 2787 utrum

26 2837 116 2879 ex
147 2813 390 2880 homine
420 2833 485 2873 se
526 2816 649 2891 quis
687 2821 975 2885 convertat
1011 2818 1071 2874 iu
1107 2815 1322 2875 beluam
1337 2861 1360 2890 ,
1400 2835 1477 2877 an
1509 2817 1570 2877 in
1604 2814 1841 2874 hominis
1876 2811 2060 2890 figura

24 2900 464 2964 immanitatem
505 2901 671 2976 gerat
706 2897 978 2960 beluae‘l*
1024 2900 1187 2962 XXI.
1231 2901 1384 2970 Quid
1398 2945 1418 2978 ,
1468 2902 1575 2980 qui·
1596 2898 1786 2960 omnia
1818 2902 1977 2958 recta
2000 2901 2062 2959 et
2076 2950 2089 2989 3

24 2990 298 3050 honesta
343 2983 668 3062 negligunt,
705 2986 1007 3045 dummodo
1043 2987 1355 3064 potentiam
1388 2990 1826 3064 consequantur,
1864 3000 2060 3043 nonne
2170 3000 2179 3013 ⁸

24 3075 205 3134 idem
252 3069 472 3129 faciunt
514 3072 716 3147 quod
700 3090 780 3147 is,
822 3075 919 3151 qui
952 3072 1120 3146 etiam
1158 3090 1413 3132 socerum
1451 3072 1657 3131 habere
1692 3068 1868 3128 voluit
1905 3084 2057 3142 eum,
2150 3144 2157 3151 ¹

24 3159 226 3220 cuius
237 3155 372 3235 ipse
406 3156 640 3215 audacia
673 3163 877 3235 potens
904 3161 1049 3216 esset
1063 3141 1095 3215 2
1153 3157 1312 3217 Utile
1349 3159 1405 3217 ei
1435 3148 1732 3217 videbatur
1760 3154 2057 3235 plurimum

24 3260 226 3325 posse
271 3238 497 3299 alterius
531 3241 758 3303 invidia.
861 3240 931 3301 Id
968 3260 1132 3320 quam
1168 3243 1431 3302 iniustum
1469 3244 1530 3302 in
1565 3241 1832 3321 patriam,
1883 3244 2055 3336 quarn

24 3338 240 3406 turpe,
291 3343 465 3402 quam
504 3320 701 3387 inutile
742 3331 923 3403 esset,
965 3346 1082 3386 ιιοιι
1107 3311 1354 3388 videbat.
1408 3327 1567 3406 Ipse
1593 3332 1782 3386 autem
1806 3338 1968 3383 socer
1993 3322 2055 3383 in

24 3431 139 3474 πε
189 3429 430 3489 semper
459 3411 704 3471 Graecos
745 3432 934 3472 versus
974 3411 1039 3471 de
1061 3411 1370 3472 Phoenissis
1388 3412 1648 3486 hahebat,
1691 3429 1832 3487 quos
1870 3408 2054 3468 dicam

24 3505 85 3559 ιι
121 3501 372 3575 potero
385 3539 409 3574 ,
434 3497 756 3563 incondite
797 3500 1065 3573 formose,
1113 3499 1220 3560 sed
1255 3503 1473 3574 tamen,
1516 3503 1585 3559 ut
1622 3514 1713 3556 res
1749 3492 1928 3575 possit
1965 3492 2056 3553 in-

25 3578 260 3661 effigi:
2054 3612 2063 3619 ό
