2417 3967
648 238 915 327 Llnsl.
1000 261 1521 335 &AF-..2627
1616 288 1627 307 ²
1980 262 2071 329 Ξῖ

65 415 162 477 tati
197 418 261 478 et
291 412 706 478 beneficentiae
744 422 955 496 pateat.
1054 417 1217 480 Haec
1248 420 1588 520 praesoeipta
1636 423 1952 505 servam
1991 414 2061 477 li-

65 506 146 562 oet
175 501 509 583 magnifice,
548 503 795 581 graviter
835 504 1194 582 animoseque
1242 506 1425 565 vivere
1439 548 1460 581 ,
1503 510 1705 584 atque
1694 505 1888 566 etiam
1924 502 2059 564 sim·
2116 566 2143 585 l

63 584 304 666 pliciter,
345 586 587 648 fideliter
609 587 869 666 vitaeque
897 588 1179 673 hominum
1208 590 1400 650 amice.

180 669 420 732 XXVII.
447 673 549 739 93.
572 672 833 750 Sequitur
846 674 993 735 utde
1006 668 1117 734 una
1130 674 1347 752 renqua
1360 678 1523 754 parte
1539 672 1848 737 honestatis
1861 620 2056 735 dicen-
2120 682 2126 694 ’

61 756 190 817 dnm
209 756 304 829 sit,
331 756 520 834 inqua
542 758 962 823 verecundia
988 759 1690 856 etoqua‘siquidamornatus
1705 759 1871 833 vitae,
1892 764 2097 827 tem-

60 840 385 922 perantia
411 846 479 901 et
501 843 851 903 modestia
887 842 1255 921 omnisque
1280 844 1555 905 sedatio
1580 842 2060 924 perturbatio-

61 945 216 986 num
254 923 474 985 animi
508 932 574 987 et
614 945 845 987 rerum
885 929 1132 999 modus
1153 929 1410 988 cernitur.
1452 928 1580 990 Hoc
1602 927 1725 988 loco
1752 926 2061 995 continetur
2174 942 2191 956 ·

61 1011 135 1089 id,
171 1009 332 1093 quod
357 1009 464 1070 dici
482 1007 686 1070 Latine
712 1012 1043 1075 decorum
1065 1018 1279 1091 potest.
1309 1014 1526 1075 Graece
1544 1014 1690 1075 enim
1710 1010 1944 1092 πρέπον
1966 1012 2056 1071 di-

59 1096 214 1157 dtur.
252 1093 437 1154 Huius
458 1094 541 1154 vis
566 1114 634 1155 ea
647 1100 751 1172 est,
777 1102 842 1155 ut
860 1096 1184 1159 abhonesto
1204 1116 1320 1157 non
1337 1104 1507 1176 queat
1525 1099 1790 1178 separari.
1832 1095 1981 1159 Nam
2001 1100 2060 1157 et
2170 1180 2183 1186 ι
2210 1122 2223 1135 ³

61 1172 395 1259 qnoddecet
412 1176 704 1241 honestum
727 1185 831 1255 est,
857 1186 918 1240 et
940 1184 1096 1261 quod
1108 1183 1400 1243 honestum
1422 1183 1512 1244 'est
1533 1186 1711 1245 decet.
1766 1180 1869 1249 94.
1899 1183 2061 1253 Qua

60 1265 123 1327 lis
149 1270 346 1327 autem
372 1262 687 1327 differentia
708 1265 782 1323 sit
801 1265 1020 1327 honesti
1052 1273 1111 1327 et
1138 1268 1359 1341 decori,
1385 1268 1598 1328 facilius
1628 1262 1862 1346 intelligi
1888 1285 2061 1347 quam

59 1347 342 1432 explanari
354 1354 559 1428 potest.
617 1348 904 1427 Quidquid
921 1357 1009 1412 est
1028 1351 1176 1421 enim
1190 1354 1345 1430 quod
1359 1353 1573 1427 deceat,
1594 1354 1652 1412 id
1669 1359 1787 1413 tum
1804 1357 2061 1432 apparet,

59 1454 236 1518 quum
257 1439 585 1511 antegressa
612 1438 698 1493 est
723 1433 1006 1495 honestas.
1087 1436 1285 1514 Itaque
1311 1455 1428 1499 non
1452 1437 1681 1498 solum
1664 1456 1723 1496 ιιι
1761 1436 1867 1496 hac
1893 1441 2060 1516 parte

57 1516 810 1684 1...¹'⁰¹¹²..pm³²²“‘2..‘1¹‚2.‘¹‚⁰2.¹1¹31⁰
835 1518 1371 1685 &5⁶33ssss
1395 1522 1953 1666 “3315332‘032
1961 1521 2064 1664 ἷὲ

58 1698 116 1756 et
137 1691 408 1753 oratione
442 1688 745 1770 prudenter
760 1733 778 1765 ,
822 1697 879 1750 et
919 1709 1091 1768 agere
1127 1691 1282 1769 quod
1302 1692 1440 1768 agas
1464 1689 1841 1767 considerate,
1882 1690 2065 1750 omni-

58 1796 172 1857 que
197 1776 262 1837 in
288 1792 388 1851 re,
428 1774 567 1853 quid
590 1775 663 1835 sit
687 1774 802 1835 veri
815 1816 835 1850 ,
878 1775 1069 1839 videre
1107 1780 1167 1836 et
1210 1776 1353 1837 tueri
1386 1777 1572 1849 decet3
1614 1781 1920 1855 contraque
1954 1773 2063 1834 fa}-

56 1862 129 1938 li,
169 1878 396 1935 errare,
434 1858 577 1932 labi,
629 1859 812 1939 decipi
839 1865 959 1929 ‚tam
987 1861 1256 1936 dedecet,
1311 1880 1481 1939 quam
1513 1860 1748 1920 delira're
1777 1866 1835 1921 et
1875 1866 2066 1927 mente
2183 1852 2192 1863 ’

59 1966 188 2011 esse
211 1936 484 2045 duptam·
527 1955 586 2005 et
605 1944 752 2004 iusta
775 1945 960 2005 omnia
985 1946 1187 2005 decora
1214 1905 1377 2019 εἰιιιις
1417 1946 1620 2006 iniusta
1640 1948 1831 2025 contra
1853 1952 1921 2011 ut
1948 1946 2066 2005 iur-

58 2034 192 2115 pia,
233 2031 320 2091 sic
354 2029 632 2090 indecora.
715 2029 923 2091 Similis
964 2036 1052 2091 est
1078 2030 1237 2091 ratio
1261 2032 1617 2092 fortitudinis.
1702 2031 1874 2102 Quod
1917 2031 2066 2093 enim

58 2117 289 2179 viriliter
329 2114 625 2193 animoque
652 2132 858 2190 magno
889 2114 983 2189 fit,
1016 2115 1077 2172 id
1115 2117 1348 2192 dignum
1376 2117 1494 2176 viro
1531 2122 1589 2177 et
1625 2118 1886 2180 decorum
1908 2117 2066 2178 vide-

57 2210 190 2276 tun-3
218 2200 375 2279 quod
397 2200 613 2273 contra,
637 2199 698 2257 id
719 2206 779 2257 ut
808 2204 992 2278 turpe,
1031 2200 1113 2259 sic
1140 2199 1477 2261 indecorum.
1561 2200 1666 2270 95.
1711 2203 1904 2275 Quare
1930 2224 2081 2286 per-

59 2291 210 2353 tinet
232 2285 462 2364 quidem
486 2284 560 2344 ad
588 2302 809 2343 omnem
831 2282 1175 2345 honestatem
1201 2274 1308 2345 hoc
1344 2287 1497 2363 quod
1519 2289 1642 2348 dico
1677 2290 1965 2368 decorum,
2003 2297 2067 2353 et

57 2374 141 2434 ita
169 2371 455 2452 pertinet,
499 2372 560 2428 ut
587 2387 702 2428 non
720 2368 1006 2428 recondita
1042 2371 1285 2446 quadam
1312 2371 1525 2433 ratione
1553 2380 1838 2455 cernatur,
1864 2378 1968 2438 sed
1994 2378 2070 2437 sit
2112 2420 2127 2438 t

61 2459 124 2518 in
148 2460 434 2538 promptu.
477 2454 580 2514 Est
604 2452 751 2514 enim
766 2453 1031 2530 quiddam
1048 2487 1116 2513 -,-
1151 2455 1356 2538 idque
1341 2457 1701 2540 mteliigitur
1686 2482 1746 2522 ιιι
1773 2462 1926 2525 omni
1956 2463 2071 2521 vir-

61 2549 191 2605 tute
217 2570 310 2587 --
350 2540 505 2620 quod
543 2540 772 2603 deceat:
816 2539 970 2621 qnod
999 2540 1336 2623 cogitatione
1371 2548 1551 2625 magis
1580 2567 1618 2609 a
1654 2550 1856 2611 virtute
1868 2551 2072 2632 potest

63 2647 238 2707 quam
262 2646 325 2687 re
349 2628 613 2707 separari.
700 2626 782 2687 Ut
815 2636 1075 2689 venustas
1101 2637 1160 2695 et
1189 2631 1547 2710 pulchritudo
1576 2636 1821 2713 corporis
1852 2633 2067 2715 secerni

63 2732 185 2774 non
211 2717 403 2795 potest
429 2731 463 2771 a
491 2712 840 2773 valetudine·
883 2714 963 2773 sic
990 2715 1098 2776 hoc
1120 2717 1193 2776 de
1219 2736 1332 2794 quo
1361 2717 1636 2795 loquimur
1659 2720 1938 2793 decorum,
1979 2720 2069 2777 to·

65 2804 193 2859 tum
215 2797 353 2858 illud
376 2797 602 2873 quidem
624 2803 716 2861 est
732 2808 855 2858 cnm
884 2799 1090 2861 virtute
1117 2803 1436 2876 confusum,
1464 2803 1582 2863 ‘sed
1616 2810 1801 2865 mente
1835 2810 1892 2864 et
1918 2805 2071 2880 cogi-

63 2883 288 2945 tatione
329 2881 704 2961 distinguitur.
790 2885 891 2948 96.
950 2883 1057 2944 Est
1098 2891 1291 2945 antem
1343 2888 1462 2947 eius
1506 2887 1803 2968 descriptio
1837 2887 2071 2990 dupla:

62 2966 224 3029 Nam
249 2973 307 3028 et
330 2966 589 3043 generale
616 2968 901 3045 quoddam
930 2968 1190 3029 decorum
1220 2970 1612 3049 intelligimus,
1654 2974 1850 3051 quod·
1835 2993 1894 3033 ιιι
1922 2974 2074 3034 omni

63 3051 370 3113 honestate
390 3057 670 3124 versatur,
723 3058 780 3112 et
812 3052 962 3112 aliud
997 3051 1123 3113 huic
1150 3055 1493 3131 subiectum,
1511 3059 1687 3158 quod
1727 3060 1972 3139 pertinet
1997 3059 2105 3119 ad,

68 3130 324 3213 singulas
352 3141 540 3214 partes
565 3134 910 3197 honestatis.
973 3135 1158 3215 Atque
1186 3138 1322 3198 illud
1344 3142 1605 3222 superius
1610 3144 1687 3202 sic
1713 3146 1832 3207 sere
1857 3143 2076 3206 definiri
2206 3184 2219 3197 .

65 3220 249 3282 solet:
289 3220 351 3280 D
366 3240 430 3281 ec
446 3240 519 3283 or
536 3240 638 3280 um
680 3221 740 3281 id
772 3224 915 3297 esse,
961 3223 1099 3301 quod
1126 3231 1539 3286 consentaneum
1557 3231 1632 3287 sit
1661 3225 1883 3290 hominis
1904 3228 2077 3288 excel-

65 3306 322 3366 lectiae
296 3326 355 3364 m
381 3325 470 3381 eo,
517 3310 577 3366 in
609 3326 711 3386 quo
739 3313 938 3366 natura
964 3309 1079 3367 eim
1116 3329 1156 3367 a
1186 3310 1421 3389 reliquie-
1441 3314 1805 3374 animantibus
1833 3315 2074 3393 differat.

66 3391 244 3460 Quae
263 3396 452 3451 autem
479 3409 611 3471 pars
638 3393 887 3453 subiecta
916 3392 1108 3469 generi
1140 3401 1228 3454 est
1245 3436 1265 3470 ,
1308 3416 1432 3457 eam
1462 3398 1545 3457 sic
1586 3398 1890 3475 definiunt,
1929 3405 1992 3457 ut
2017 3399 2080 3459 id

65 3474 399 3536 decorum
440 3476 611 3537 velint
635 3497 791 3550 esse,
834 3477 974 3555 quod
995 3481 1078 3539 ila
1104 3486 1334 3541 naturae
1357 3488 1752 3544 consentaneum
1777 3487 1886 3557 sit,
1927 3489 1991 3543 ut
2020 3488 2080 3545 in

66 3579 129 3623 eo
153 3559 451 3622 moderatio
479 3567 530 3622 et
561 3566 907 3643 temperantia
953 3569 1186 3645 apparat
1228 3584 1346 3627 cum
1389 3571 1559 3648 specie
1589 3569 1822 3645 quadam
1853 3528 2097 3633 liberali.
2148 3584 2175 3651 ·ζ
