2417 3967
453 234 460 242 ’
569 282 746 351 ma.
785 282 887 350 m.
969 283 1177 352 (ιιι).
1220 289 1326 375 28.
1368 292 1472 357 29.
1515 293 1622 360 so.
1968 296 2099 362 1⁰3

83 445 329 524 turpiter
353 445 541 526 potius
572 442 762 547 quam·
771 440 1124 505 calamitose.
1149 476 1240 490 —
1234 438 1352 506 an
1383 452 1468 508 est
1495 418 1663 507 ullum
1688 449 1865 511 maius
1893 449 2098 509 malum

83 530 477 609 turpitudine⁵3
529 518 692 601 Quae
715 531 765 589 si
795 530 855 589 in
869 531 1228 591 deformitate
1261 534 1508 612 corporis
1538 533 1743 595 habeat
1768 534 1980 612 aliquid
2007 537 2099 595 of-

84 615 388 677 fensionis:
444 622 657 696 quanta
704 613 801 674 illa
837 616 1168 699 depravatio
1212 622 1273 677 et
1308 619 1544 678 foeditas
1581 619 1878 700 turpificati
1923 620 2098 680 animi

85 700 257 762 debet
281 700 507 762 videri?
594 703 735 766 106.
777 699 1007 779 Itaque,
1048 702 1338 761 nervosius
1383 704 1480 781 qui
1504 705 1615 763 ista
1652 706 1962 780 disserunt,
2007 725 2096 763 so·

86 783 197 846 lum
225 770 445 848 audent
473 786 677 845 malum
704 785 894 846 dicere
928 786 1020 862 id,
1065 787 1205 865 quod
1230 793 1385 867 turpe
1408 792 1519 858 sigt
1562 790 1658 867 qui
1685 794 1871 850 autem
1898 791 2097 850 remis—

85 870 232 1012 ῗίιιε,
272 873 312 931 ii
351 878 544 933 tamen
578 890 694 932 ιιοιι
736 868 994 933 dubitant
1036 890 1296 943 summum
1330 873 1532 935 malum
1556 876 1760 957 dicere.
1820 873 1996 987 'Nam
2028 873 2096 935 il·
2158 896 2165 901 ”

78 957 183 1016 nd
223 958 478 1036 quidem,
1902 984 1911 990 ·

105 1082 106 1089 ι
258 1040 457 1122 Neque
496 1041 644 1120 dedi,
686 1044 852 1122 sieque
891 1040 976 1103 do
1001 1042 1213 1137 infideli
1250 1044 1537 1124 cuiquam:
2202 1112 2213 1129 .

85 1125 296 1187 idcirco
319 1135 478 1190 recte
501 1148 536 1188 a
562 1133 767 1208 poeta,
812 1130 963 1208 quia,
1005 1132 1180 1208 quum
1203 1134 1535 1191 tractaretur
1550 1126 1776 1205 Atreus,
1820 1148 2100 1210 personae

91 1196 441 1277 serviendum
481 1215 607 1274 fuit.
694 1215 813 1274 Sed
841 1216 890 1273 si
923 1216 1031 1275 hoc
1060 1216 1188 1275 sibi
1197 1222 1449 1292 sumunt,
1490 1214 1699 1277 nullam
1739 1236 1864 1278 esse
1905 1216 2125 1316 fidem,
2208 1212 2219 1215 '

89 1314 237 1374 quae
269 1299 490 1360 infideli
526 1301 664 1359 data
698 1303 799 1361 sit·
855 1300 1084 1362 videant
1120 1320 1195 1361 ne
1241 1309 1541 1378 quaeratur
1582 1302 1796 1367 latebra
1832 1302 2095 1381 periurio.

91 1386 237 1447 107.
277 1383 387 1444 Est
420 1391 605 1445 autem
631 1386 723 1445 ius
758 1385 926 1446 etiam
955 1385 1208 1445 bellicum
1236 1387 1539 1471 fidesque
1522 1386 1655 1446 iuris
1681 1387 1903 1446 iurandi
1923 1404 2097 1465 saepe

89 1485 215 1527 cum
253 1469 422 1530 hoste
457 1472 747 1532 servanda.
857 1471 1046 1542 Quod
1083 1472 1231 1530 enim
1271 1472 1355 1531 ita
1394 1472 1633 1532 iuratum
1678 1476 1796 1547 est,
1833 1479 1900 1530 ιιι
1935 1490 2095 1533 mens

89 1554 415 1634 conciperet
450 1556 573 1616 fieri
611 1563 871 1635 oportere
887 1599 908 1631 ,
949 1555 1014 1615 id
1059 1558 1394 1637 servandum
1436 1564 1551 1630 est;
1595 1558 1751 1634 quod
1783 1555 1980 1630 aliter,
2035 1556 2099 1616 id
2184 1578 2187 1581 ·

94 1638 140 1695 si
163 1658 283 1700 non
307 1641 543 1715 feceris,
582 1641 789 1704 nullum
824 1647 911 1702 est
952 1641 1271 1721 periurium.
1357 1642 1469 1716 Ut,
1514 1643 1564 1701 si
1591 1641 1966 1720 praedonibus
1993 1660 2100 1721 pa·

92 1728 239 1785 cmm
268 1745 377 1805 pro
421 1729 634 1808 capite
645 1728 886 1805 pretium
930 1746 1047 1786 non
1083 1726 1366 1788 attuleris.
1404 1726 1581 1787 nulla·
1594 1728 1746 1785 fraus
1783 1731 1909 1800 est,
1945 1744 2019 1785 ne
2047 1726 2099 1785 si

93 1807 307 1871 iuratus
334 1812 564 1890 quidem
588 1806 649 1871 id
671 1832 787 1873 non
812 1811 1030 1875 feceris.
1086 1811 1238 1872 Nam
1260 1813 1445 1892 pirata
1474 1810 1591 1872 non
1608 1817 1700 1872 est
1733 1810 2098 1892 perduellium

93 1910 328 1958 numero
370 1897 675 1977 definitus,
716 1900 820 1959 sed
855 1897 1160 1960 communis
1183 1897 1360 1958 hostis
1393 1897 1671 1958 omnium.
1707 1915 1832 1961 cum
1859 1895 1970 1956 hoc
1993 1916 2098 1957 nec
2218 1918 2243 1931 ³

97 1980 238 2042 fides
269 1966 442 2044 debet
466 2000 573 2044 nec
597 1983 680 2042 ius
709 1985 1002 2045 iurandum
1046 2003 1172 2045 esse
1196 2003 1503 2045 commune.
1593 1984 1737 2048 108.
1778 1980 1915 2047 Non
1944 1982 2105 2051 enim

95 2063 293 2128 falsum
331 2070 520 2129 iurare
562 2070 844 2147 periurare
880 2074 1000 2143 est3
1065 2070 1204 2145 sed,
1273 2071 1431 2148 quod
1468 2082 1557 2128 ax
1594 2087 1775 2127 Arum
1812 2078 1922 2127 *rm
1964 2086 2098 2126 sau·-

99 2168 328 2213 ‘rmsrn
354 2142 601 2230 iuratis,
659 2156 805 2215 sicut
842 2154 1025 2215 verbis
1069 2154 1381 2252 concipitur
1422 2174 1580 2217 more
1621 2161 1816 2214 nostro
1830 2197 1879 2239 ,
1892 2153 1955 2214 id
1982 2169 2103 2217 non
2194 2235 2205 2241 ἢ

95 2235 278 2300 facere
307 2240 616 2320 periurium
658 2234 761 2300 est.
845 2239 1001 2300 Scite
1044 2240 1190 2299 enim
1230 2239 1556 2327 Euripides,

265 2322 471 2385 Iurdvi
493 2325 729 2401 lingua,
763 2327 1003 2387 mentem
1029 2326 1332 2385 imuratdm
1357 2344 1506 2402 gero.

97 2402 351 2486 Regulus
384 2430 518 2472 vero
554 2430 671 2470 non
699 2410 894 2471 debuit
939 2410 1318 2472 condictiones
1355 2395 1753 2490 pactionesque
1793 2380 2016 2469 bellicas
2032 2413 2102 2468 et

98 2490 329 2557 hostiles
351 2496 681 2575 perturbare
709 2496 972 2576 periurio.
1058 2495 1205 2556 Cum
1231 2496 1378 2556 iusto
1404 2497 1554 2557 enim
1576 2504 1635 2557 et
1657 2493 1908 2572 legitimo
1937 2493 2101 2553 hoste
2160 2518 2167 2525 ·
2196 2534 2216 2557 2

97 2596 189 2640 res
211 2583 544 2663 gerebatur,
585 2581 851 2642 adversus
878 2599 1046 2659 quem
1070 2584 1129 2640 et
1153 2582 1376 2641 totum
1358 2601 1444 2642 ms
1465 2581 1655 2643 fetiale
1681 2586 1742 2641 et
1773 2578 1947 2639 multa
1969 2582 2104 2639 sunt

98 2663 219 2725 iura
243 2668 572 2727 communia.
663 2667 837 2736 Quod
874 2665 934 2727 ni
966 2667 1045 2727 ita
1087 2670 1267 2727 esset:
1309 2683 1594 2745 nunquam
1621 2665 1797 2728 claros
1833 2664 1981 2725 viros
2008 2681 2104 2725 se-

98 2757 263 2811 natus
287 2753 500 2813 vinctos
521 2752 776 2812 hostibus
795 2752 1119 2812 dedidisset.
1204 2750 1392 2812 XXX.
1437 2757 1581 2818 109.
1604 2750 1684 2811 At
1711 2769 1846 2811 vero
1878 2748 1954 2809 T.
1982 2747 2102 2811 Ve-

100 2837 278 2897 turius
324 2842 384 2901 et
422 2838 524 2917 Sp.
552 2836 900 2913 Postumius,
953 2856 1126 2916 quum
1165 2835 1368 2906 iterum
1408 2836 1660 2897 consules
1684 2839 1903 2909 essent,
1948 2833 2103 2932 quia,

103 2938 274 2996 quum
304 2922 449 2983 male
633 2919 789 2983 atum
830 2923 986 3001 apud
1019 2923 1297 2983 Caudium
1334 2928 1510 2999 esset,
1536 2914 1865 2999 legionibus
1893 2917 2102 2978 nostris

103 3006 248 3065 sub
229 3028 525 3085 iugumm1
587 3008 634 3067 is
659 3025 858 3088 pacem
884 3026 1008 3085 cum
1045 3008 1385 3069 Samnitibus
1425 3010 1714 3081 fecerant,
1758 3005 1938 3067 dediti
1972 3008 2107 3063 sunt

103 3089 203 3150 iia.
243 3092 458 3153 iniussu
485 3095 632 3153 enim
659 3092 853 3181 populi
886 3098 1226 3171 senatusque
1249 3087 1519 3153 fecerant.
1599 3091 1933 3167 Eodemque
1956 3094 2101 3149 tem·

102 3193 242 3253 pore
281 3178 374 3239 Ti.
400 3178 723 3253 Numicius,
782 3180 857 3249 Q.
898 3177 1169 3252 Maelius,
1288 3199 1307 3237 1
1346 3185 1466 3238 tum
1507 3178 1720 3238 tribuni
1744 3175 1896 3263 pl*
1917 3179 2099 3249 erant,
2184 3168 2194 3191 '

106 3262 263 3336 qued
290 3282 482 3324 eorum
529 3263 858 3326 auctoritate
898 3282 1012 3344 pax
1061 3266 1181 3323 erat
1150 3198 1376 3322 1l'acta
1391 3308 1410 3340 ,
1469 3250 1647 3323 dediti
1679 3267 1839 3338 sunt,
1886 3265 1953 3319 ut
1986 3275 2102 3338 pax

61 3344 436 3408 Samnitium
461 3351 867 3429 repudiaretur.
898 3282 1139 3426 pAtque
1179 3346 1343 3408 huius
1389 3348 1689 3408 deditionis
1735 3348 1859 3427 ipse
1856 3344 2103 3404 Postu,

109 3430 279 3508 mina,
320 3435 420 3511 qui
443 3436 782 3512 dedebatur,
795 3450 1019 3494 suasor
1050 3437 1111 3493 et
1138 3438 1330 3493 auctor
1358 3435 1481 3495 fuit.
1530 3432 1744 3502 Quod
1777 3430 1928 3491 idem
1957 3427 2104 3495 mul·

109 3513 187 3574 tis
221 3519 392 3579 annis
423 3525 555 3597 post
594 3521 661 3580 C.
702 3516 1028 3594 Mancinus,
1071 3517 1199 3596 qui,
1240 3524 1307 3578 ut
1343 3518 1730 3592 Numantinis,
1774 3516 2100 3595 quibuscum

107 3600 231 3665 sine
262 3609 487 3667 senatus
515 3605 848 3668 auctoritate
870 3601 1068 3671 foedus
1101 3605 1345 3682 fecerat,
1387 3606 1708 3683 dederetur,
1747 3600 2100 3681 rogationem
