2417 3967
195 1238 208 1285 L
309 1231 592 1312 voluptate
630 1232 716 1292 vel
748 1233 1061 1309 indolentia
1088 1236 1415 1295 metiuntur:
1456 1233 1646 1295 liceret
1672 1235 1726 1293 ei
1763 1234 1984 1310 dicere,
2024 1232 2323 1313 utilitatem

215 2144 228 2157 χ
312 2086 393 2144 ita
417 2084 637 2162 legere,
681 2085 729 2143 si
762 2105 829 2145 ea
856 2088 1044 2146 virtuti
1082 2108 1196 2147 non
1226 2094 1618 2167 repugnarent.
1708 2086 1881 2154 Quod
1903 2106 2076 2164 quum
2112 2087 2195 2144 ita
2218 2087 2321 2165 sitq

311 227 402 291 ισ
467 270 474 279 .
731 224 1271 291 c1cERoN1s
1309 218 1428 290 DE
1474 198 1889 291 ‘omens

313 379 607 440 honestum
640 386 756 455 est,
797 381 857 441 id
884 381 963 441 ita
1002 379 1272 443 summum
1309 383 1516 445 bonum
1530 389 1665 458 ¹-est‚
1709 380 2178 462 quemadmodum
2208 379 2324 441 Pe·

311 465 608 566 ripateticis
637 467 836 526 vestris
861 468 1095 542 videtur,
1138 476 1201 528 ut
1230 470 1417 529 omnia
1445 489 1514 528 ex
1546 469 1723 529 altera
1748 476 1911 548 parte
1934 466 2207 527 collocata
2232 467 2324 525 vix

311 550 524 612 minimi
551 553 818 612 momenti
856 554 1030 612 instar
1055 553 1324 614 habeant:
1369 554 1732 613 dubitandum
1757 574 1873 613 non
1897 560 1988 612 est
2013 553 2152 631 quin
2179 570 2325 612 nun-

249 630 266 635 ’
312 654 478 712 quam
505 636 681 716 possit
704 636 907 696 utilitas
948 658 1072 698 cum
1106 639 1402 699 honestate
1431 641 1783 700 contendere.
1869 638 2078 715 Itaque
2113 636 2323 716 accepi-

311 741 432 793 mus
473 723 762 782 Socratem
799 725 1068 783 exsecrari
1105 725 1327 783 solitum
1369 744 1501 800 eos,
1543 726 1643 801 qui
1677 725 1914 803 primum
1950 722 2101 782 haec
2130 729 2325 783 natum

221 872 226 881 ¹
308 808 661 867 cohaerentia
688 809 948 888 opinione
988 809 1386 870 distraxissent.
1473 810 1580 870 Cui
1617 810 1840 887 quidem
1880 810 1962 866 ita
1993 814 2133 867 sunt
2154 806 2323 866 Stoiu‘

312 894 561 968 assensi,
605 898 672 951 ut
712 899 797 969 et,
840 894 1111 972 quidquid
1149 894 1445 955 honestum
1473 901 1649 969 esset,
1693 893 1753 953 id
1795 893 1926 953 utile
1966 912 2098 952 esse
2135 911 2322 952 censo·

310 983 471 1052 rent,
505 997 612 1039 nec
649 979 788 1037 utile
815 979 1147 1057 quidquam,
1191 981 1347 1056 quod
1386 999 1501 1038 non
1526 978 1834 1039 honestum.
1925 982 2026 1044 12.
2076 977 2259 1047 Quod
2282 976 2325 1035 si

308 1062 356 1121 is
389 1068 538 1123 esset
576 1062 907 1139 Panaetius,
949 1065 1047 1140 qui
1092 1066 1351 1127 virtutem
1393 1071 1692 1144 propterea
1749 1063 2041 1124 colendam
2097 1063 2322 1137 diceret,

311 1148 465 1226 quod
495 1167 564 1207 ea
597 1148 844 1207 efficiens
878 1148 1133 1209 utilitatis
1178 1156 1361 1225 esset,
1403 1156 1469 1208 ut
1508 1151 1548 1209 ii
1593 1151 1715 1228 qui
1729 1169 1821 1209 res
1860 1149 2219 1228 expetendas
2245 1145 2326 1207 vd

301 1317 608 1395 aliquando
636 1338 760 1378 cum
790 1304 1078 1379 honestate
1116 1340 1402 1399 pugnare3
1446 1321 1548 1379 sed
1577 1339 1759 1398 quum
1784 1319 1858 1377 sit
1885 1319 1931 1376 is
1948 1362 1971 1393 ,
2098 1306 2216 1376 ‘id
2239 1336 2325 1377 so-

310 1403 422 1463 lum
480 1403 685 1462 bonum
741 1403 948 1465 iudicet
990 1406 1144 1482 quod
1184 1404 1474 1466 honestum
1514 1405 1604 1478 sit,
1653 1423 1799 1482 quae
1836 1409 2027 1463 autem
2104 1402 2195 1463 uic
2242 1422 2324 1465 re-

311 1495 565 1568 pugnent
596 1489 782 1570 specie
823 1489 1067 1569 quadam
1094 1488 1401 1567 utilitatis,
1416 1510 1608 1551 eorum
1632 1508 1819 1567 neque
1857 1488 2182 1548 accessione
2206 1508 2322 1548 me-
2398 1456 2404 1581 ι

312 1574 508 1634 liorem
535 1575 702 1634 vitam
729 1575 848 1635 fleri
876 1595 980 1635 nec
1004 1577 1330 1637 decessione
1357 1578 1633 1658 peiorem·
1674 1594 1791 1634 non
1815 1574 2036 1634 videtur
2064 1574 2321 1634 debuisse

314 1650 581 1720 eiusmodi
608 1656 1061 1721 deliberationem
1085 1662 1466 1739 introducere,
1508 1664 1568 1721 in
1596 1680 1707 1739 qua
1739 1659 1894 1737 quod
1930 1658 2070 1718 utile
2112 1659 2324 1718 videre-

310 1749 407 1804 tur
447 1765 568 1804 cum
601 1765 700 1821 eo,
757 1747 913 1825 quod
950 1747 1243 1809 honestum
1275 1753 1397 1822 est,
1439 1752 1865 1835 compararetur.
1954 1746 2058 1808 13
2104 1742 2320 1805 Etenim
2382 1770 2395 1780 ·

313 1831 468 1909 quod
500 1851 767 1890 summum
807 1832 1013 1891 bonum
1037 1852 1072 1891 a
1098 1833 1302 1892 Stoicis
1326 1834 1555 1908 dicitur,
1597 1827 1957 1911 convenienter
1980 1834 2220 1899 naturae
2240 1832 2321 1889 υἰ-

313 1933 432 1974 vere
449 1959 468 1990 ,
510 1914 570 1973 id
595 1915 764 1976 habet
787 1917 963 1992 hanc,
1005 1923 1066 1976 ut
1100 1919 1332 1998 opinor,
1373 1918 1737 1978 sententiam:
1780 1935 1907 1976 cum
1936 1916 2158 1976 virtute
2194 1933 2321 1974 con-

245 2011 252 2016 ·
313 2018 513 2078 gruere
542 2019 795 2079 semper;
837 2007 1026 2062 cetera
1052 2009 1272 2078 autem,
1315 2010 1459 2081 quae
1487 2002 1789 2065 secundum
1833 2009 2093 2061 naturam
2123 2005 2324 2073 essent,

310 2175 517 2250 putant
542 2172 766 2246 quidam
804 2170 947 2232 hanc
971 2176 1437 2251 comparationem
1465 2192 1578 2231 non
1606 2176 1754 2231 recte
1781 2172 2184 2246 introductam,
2220 2189 2316 2230 nec

314 2256 540 2314 omnino
575 2257 648 2314 ‹le
688 2277 755 2316 eo
794 2277 1001 2333 genere
1042 2259 1342 2335 quidquam
1381 2257 1835 2337 praecipiendum
1865 2257 2056 2315 fuisse.
2144 2256 2315 2333 Atque

312 2340 447 2399 illud
478 2341 703 2417 quidem
743 2341 779 2400 h
799 2361 930 2401 one
949 2349 1158 2416 stum,
1190 2344 1355 2421 quod
1382 2343 1610 2425 proprie
1630 2361 1873 2418 vereque
1906 2343 2140 2417 dicitur,
2184 2341 2317 2400 idin

313 2424 792 2525 sapientibus
836 2434 924 2486 est
955 2428 1085 2486 solis
1114 2447 1300 2505 neque
1328 2448 1363 2487 a
1392 2430 1674 2488 virtute
1703 2425 1889 2485 divelli
1918 2442 2169 2505 unquam
2197 2431 2314 2506 pot·

313 2516 416 2570 est.
500 2510 606 2568 In
592 2512 658 2568 iis
692 2518 912 2588 autem,
951 2514 1010 2572 in
1038 2514 1235 2591 quibus
1263 2513 1535 2592 sapientia
1561 2514 1809 2591 perfecta
1838 2531 1956 2570 non
1980 2518 2107 2586 est,
2150 2512 2313 2590 ipsun

201 2642 208 2653 .
311 2595 449 2655 illud
479 2597 703 2673 quidem
726 2600 1034 2676 perfectum
1062 2600 1356 2658 honestum
1388 2597 1536 2657 nullo
1563 2599 1766 2672 modo,
1810 2596 2203 2657 similitudines
2224 2596 2315 2656 ho·

311 2680 458 2741 nesti
490 2701 613 2740 esse
636 2688 888 2760 possunt.
957 2682 1057 2749 14.
1100 2683 1261 2743 Haec
1287 2674 1436 2744 enim
1481 2680 1708 2762 [omnia]
1757 2683 2061 2756 officia,
2106 2683 2183 2743 de
2208 2680 2317 2758 qui-

315 2767 418 2825 bus
443 2765 526 2824 his
557 2767 708 2826 libris
739 2768 1107 2847 disputamus,
1152 2768 1444 2844 (media
1485 2767 1660 2827 Stoici
1686 2766 1991 2846 appellant,
2004 2769 2035 2844 )
2081 2787 2151 2827 ea
2178 2784 2314 2827 com-

312 2852 499 2911 munia
535 2858 665 2911 sunt
703 2859 762 2914 et
790 2854 906 2914 late
934 2858 1162 2934 patent,
1207 2873 1353 2932 quae
1388 2858 1448 2914 et
1474 2852 1662 2929 ingeni
1696 2853 1953 2911 bonitate
1985 2853 2150 2911 multi
2174 2870 2310 2911 asse·

312 2942 558 3013 quuntur
600 2944 657 2997 et
691 2941 1083 3017 progressione
1121 2939 1405 3013 discendi3
1446 2938 1595 2997 illud
1627 2942 1813 2996 autem
1854 2936 2136 3012 officinm,
2179 2934 2315 3015 quod

313 3028 596 3082 rectum
638 3024 807 3095 iidem
847 3025 1163 3105 appellant,
1206 2983 1512 3106 perfec’tum
1552 3027 1728 3101 atque
1760 3019 2080 3082 absolutum
2117 3030 2202 3082 est
2243 3026 2315 3093 et,

312 3112 379 3165 ut
408 3106 578 3165 iidem
620 3109 844 3183 dicunt,
889 3130 1083 3171 omnes
1109 3130 1368 3170 numeros
1404 3109 1596 3182 habet,
1637 3127 1740 3168 nec
1758 3102 1996 3187 praeter
2020 3109 2315 3186 sapientem

314 3190 567 3251 cadere'
552 3212 612 3249 m
639 3212 978 3271 quemquam
1015 3200 1221 3274 potest.
1307 3193 1407 3260 15.
1453 3194 1643 3262 Quum
1677 3199 1862 3251 autem
1899 3192 2117 3270 aliquid
2149 3199 2315 3253 actum

316 3281 439 3350 est,
483 3277 539 3335 in
568 3292 681 3355 quo
720 3278 906 3338 media
934 3280 1119 3353 officia
1144 3284 1530 3359 compareant:
1562 3273 1634 3337 'id
1656 3277 1934 3337 cumulate
1963 3280 2186 3339 videtur
2209 3294 2313 3337 esse

314 3363 619 3440 perfectum
665 3369 991 3443 propterea,
1046 3367 1200 3444 quod
1246 3365 1441 3442 vulgus
1478 3363 1615 3439 quid
1653 3363 1796 3421 absit
1838 3382 1876 3421 a
1921 3366 2178 3441 perfecto
2214 3379 2313 3422 noa

315 3446 435 3505 sere
473 3447 760 3526 intelligit3
824 3456 1093 3525 quatenus
1136 3456 1322 3510 autem
1361 3447 1647 3524 intelligit,
1704 3447 1838 3506 nihil
1880 3455 2053 3527 putat
2086 3454 2315 3547 praeta*-

313 3531 559 3592 missum.
644 3534 815 3603 Quod
839 3534 1009 3599 item
993 3555 1052 3594 ιιι
1074 3537 1367 3617 poematiS,
1407 3535 1467 3593 in
1489 3533 1716 3615 picturis
1750 3551 1856 3592 usu
1882 3534 2063 3647 venit,
2104 3535 2163 3593 in
2187 3530 2313 3594 aliis-
