2417 3967
535 230 1477 393 ‘LL1B.„11..0A1².14.15.
1580 218 1591 221 1
1924 234 2175 335 'ciffi

41 425 310 500 *mittem
351 431 409 487 ut
441 418 733 495 accusator
760 430 1073 489 nominere:
1115 426 1273 506 quo‘d
1298 426 1534 503 contigit
1552 425 1635 488 M.
1668 425 1869 499 Bruto,
1914 428 2067 496 sum-

92 530 173 568 mo
196 528 395 590 genere
432 520 604 589 nato,
627 515 791 573 illius
834 515 979 588 filio,
1035 513 1132 590 qui
1166 512 1298 572 iuris
1332 512 1499 573 civilis
1542 513 1601 571 in
1634 513 1827 591 primis
1853 512 2065 590 peritus

90 596 208 655 fuit'
274 599 372 662 51.
416 592 798 677 sstque‘etiam
836 600 944 658 hoc
974 603 1334 677 praeceptum
1364 599 1512 657 offici
1542 597 1844 674 diligenter
1866 603 2065 656 tenen·
2094 636 2101 643 ι

92 678 208 739 dum
231 683 348 755 e'st,
387 702 462 743 ne
498 703 666 761 quem
687 703 933 763 unquam
960 684 1312 756 innocentem
1336 678 1538 742 iudicio
1564 683 2064 761 capitis-arcessas&

39 794 40 797 ¹
89 761 143 825 id
165 767 305 825 enim
344 768 465 831 sine
509 770 714 831 scelere
733 771 867 839 ‚fieri
907 767 1059 828 nullo
1092 774 1263 847 pacto
1299 774 1509 847 potest.
1593 764 1752 827 Nam·
1790 767 1927 843 quid
1973 771 2065 835 est

88 856 190 908 tam
213 851 561 913 inhumanum
575 895 596 927 ,
639 873 807 932 quam
835 854 1208 931 eloquentiam
1234 873 1277 912 a
1311 861 1509 912 natura
1531 853 1605 912 ad
1631 852 1862 911 salutem
1890 852 2067 911 homi·

89 951 218 994 numv
238 941 297 996 et
338 939 413 997 ad
454 941 932 1000 conservationem
974 938 1164 997 datam
1200 940 1274 997 ad
1308 939 1582 1001 bonorum
1621 946 1838 1015 pestem
1872 937 2064 1016 perni-

90 1019 315 1097 ciemque
352 1023 722 1085 convertere?
754 1024 880 1085 Nec
913 1029 1136 1095 tamen,
1179 1028 1246 1081 ut
1274 1022 1380 1083 hoc
1411 1023 1739 1100 fugiendum
1766 1027 1885 1095 est,
1928 1023 2063 1084 item

89 1109 168 1162 est
188 1104 494 1169 babendum
517 1110 773 1186 religioni
800 1114 1093 1169 nocentem
1119 1108 1447 1186 aliquando,
1491 1108 1662 1167 modo
1686 1127 1758 1167 ne
1792 1106 2067 1168 nefarium

90 1186 441 1269 impiumque,
485 1195 809 1257 defendere.
896 1193 1030 1254 Vult
1069 1193 1176 1253 hoc
1209 1193 1505 1253 multitudo
1522 1238 1539 1268 ,
1582 1193 1794 1271 patitur
1832 1211 2065 1253 consue-

91 1273 231 1346 tudo,
267 1278 377 1339 sert
408 1281 579 1343 etiam
605 1279 931 1355 humanitas.
988 1278 1191 1338 Iudicis
1224 1283 1311 1338 est
1335 1297 1556 1359 semper
1576 1279 1637 1336 in
1671 1279 1848 1338 causis
1874 1297 2064 1338 verum

90 1361 262 1434 sequi3
298 1367 521 1441 patroni
546 1378 943 1442 nonnunquam
976 1365 1092 1424 veri
1127 1363 1323 1435 simile,
1365 1365 1532 1424 etiam
1554 1364 1823 1422 siminus
1866 1364 1940 1422 sit
1967 1381 2066 1423 ve-

87 1457 221 1516 rum,
261 1448 588 1515 defendere:
629 1452 791 1529 *qnod
822 1448 1095 1522 scribere,
1136 1448 1462 1527 praesertim
1497 1449 1779 1527 quamde
1814 1447 2063 1527 philpso-
2145 1440 2152 1454 ⁴

89 1524 206 1605 phia
244 1533 532 1603 scriberem
552 1576 573 1611 ,
631 1554 746 1595 non
775 1535 1033 1594 auderem
1049 1576 1068 1605 ‚
1124 1534 1233 1592 nisi
1262 1534 1409 1593 idem
1444 1532 1689 1612 placeret
1737 1534 2061 1608 gravissimo

88 1608 392 1696 Stoicorum,
417 1619 706 1681 Panaetio.
790 1616 1033 1679 Maxime
1062 1625 1251 1677 autem
1271 1622 1329 1676 et
1355 1617 1531 1695 gloria
1553 1617 1767 1696 paritur
1797 1624 1855 1678 et
1882 1619 2064 1695 gratia

87 1692 508 1777 defensionibus,
553 1724 735 1781 eoque
755 1705 959 1779 maior,
1004 1703 1051 1762 si
1082 1702 1307 1781 ‹juando
1326 1704 1560 1776 accidit,
1603 1707 1666 1763 ut
1689 1702 1742 1762 ei
1767 1703 2061 1763 subvenia-

85 1782 192 1857 tur,
231 1789 324 1863 qui
359 1791 611 1867 potentis
637 1789 861 1850 alicuius
898 1788 1098 1867 opibus
1127 1787 1501 1859 circumveniri
1534 1780 1826 1864 urget-ique
1861 1789 2058 1848 videa-

37 1916 40 1917 r
85 1866 189 1925 tur:
228 1877 291 1932 ut
315 1892 419 1933 nos
451 1881 513 1934 et
549 1894 720 1953 saepe
737 1873 886 1939 alias
917 1879 977 1933 et
1002 1871 1387 1934 adolescentes
1414 1879 1609 1935 contra
1632 1871 1702 1932 L.
1743 1872 1933 1933 Sullae
1954 1875 2061 1932 do·-

82 1948 316 2015 minantis
352 1978 494 2039 opes
518 1979 625 2041 pro
660 1960 721 2021 S.
758 1958 966 2020 Roscio
1001 1956 1266 2021 Amerino
1304 1959 1557 2035 fecimus3
1611 1977 1792 2039 quae,
1833 1963 1903 2043 ut¹
1929 1959 2058 2035 scis,

82 2042 243 2098 exstat
266 2046 460 2107 oratio.

195 2124 311 2185 XV.
355 2129 460 2197 52.
503 2130 624 2193 Sed
645 2131 908 2211 expositis
935 2130 1366 2195 adolescentium
1395 2120 1624 2204 officiis»,
1667 2148 1814 2207 quae
1836 2128 2059 2191 valeant
2174 2135 2180 2142 '

85 2204 151 2263 ad
201 2210 422 2286 gloriam
475 2214 887 2295 adipiscendam
904 2260 923 2291 ,
989 2217 1253 2294 deinceps
1298 2217 1373 2277 de
1429 2217 1464 2273 b
1480 2236 1513 2274 e
1527 2235 1567 2273 n
1579 2235 1610 2275 e
1624 2216 1677 2275 fi
1690 2236 1722 2275 c
1735 2235 1770 2276 e
1781 2223 1855 2275 nt
1870 2219 1886 2275 i
1903 2235 1937 2274 a
1990 2235 2057 2277 ac
2073 2225 2076 2228 ’

84 2286 149 2350 de
186 2294 281 2355 lib
296 2318 328 2359 e
341 2320 369 2359 r
382 2302 449 2362 al
463 2303 485 2360 i
500 2307 529 2362 t
540 2322 576 2361 a
589 2308 613 2360 t
624 2322 657 2362 e
683 2303 978 2361 dicendum
1006 2307 1109 2361 e'st.
1153 2301 1326 2360 Cuius
1363 2307 1450 2361 est
1465 2301 1608 2359 ratio
1639 2300 1857 2380 duplex.
1900 2300 2054 2361 Nam

81 2382 170 2436 81¹1
200 2399 232 2447 Q
249 2401 374 2460 per
388 2407 425 2447 a
466 2388 709 2464 benigne
729 2387 810 2446 fit
845 2387 1222 2463 indigentibus
1259 2391 1357 2449 aut
1394 2405 1433 2464 p
1448 2405 1480 2446 e
1497 2406 1527 2444 c
1541 2406 1577 2443 u
1593 2384 1727 2444 nia.
1812 2385 2057 2445 Facilior
2122 2366 2135 2393 f
2163 2426 2168 2431 ·

84 2467 162 2525 est
204 2464 339 2529 baec
368 2472 682 2551 posterior,
734 2471 997 2550 locupleti
1035 2472 1392 2550 praesertim3
1448 2471 1552 2531 sed
1595 2469 1692 2528 illa
1732 2469 1936 2530 lautior
1984 2489 2054 2531 ac

82 2546 400 2622 splendidior
423 2562 491 2625 et
516 2558 635 2617 viro
673 2558 804 2616 sorti
833 2557 1095 2634 claroque
1127 2556 1365 2633 dignior.
1448 2555 1782 2632 Quanquam
1812 2559 1957 2616 enim
1991 2557 2052 2616 in
2172 2627 2179 2631 ι

80 2637 296 2712 utroque
330 2640 480 2704 inest
519 2642 868 2719 gratificandi
903 2641 1142 2703 liberalis
1192 2640 1473 2715 voluntas3
1526 2646 1716 2701 tamen
1766 2642 1938 2701 altera
1982 2660 2053 2702 ex

80 2724 194 2793 aria
215 2762 233 2793 ,
271 2725 447 2789 altera
482 2746 552 2787 ex
574 2729 774 2787 virtute
796 2726 1166 2806 depromitur,
1212 2726 1579 2803 largitioque,
1622 2743 1769 2803 quae
1798 2727 1862 2784 fit
1890 2745 1957 2785 ex
1984 2745 2050 2787 re

77 2800 310 2867 familiari
327 2853 348 2883 ‚
375 2815 593 2872 fontem
626 2813 809 2895 ipsum
833 2811 1190 2890 benignitatis
1231 2811 1495 2872 exhaurit.
1578 2809 1670 2870 lta
1704 2811 2049 2888 benignitate

77 2881 369 2967 benignitas
397 2897 638 2972 tollitur,
682 2917 797 2976 qua
835 2916 947 2975 quo
989 2898 1046 2956 in
1088 2896 1278 2975 plures
1315 2916 1448 2956 usus
1488 2896 1598 2968 εἰς,
1655 2915 1724 2955 eo
1763 2898 1944 2956 minus
1988 2897 2045 2957 in
2107 2935 2121 2951 .

75 2971 259 3035 multos
284 2982 363 3040 uti
391 2983 592 3061 possis.
678 2983 781 3051 58.
833 2982 913 3043 At
953 2983 1049 3060 qni
1075 3000 1247 3060 opera
1265 3024 1284 3055 ,
1326 2983 1387 3041 id
1427 2987 1515 3042 est
1550 2982 1752 3041 virtute
1791 2987 1849 3041 et
1879 2982 2045 3041 indu-
2160 3026 2171 3039 .

77 3056 232 3133 stria,
271 3060 504 3128 benefici
547 3072 609 3128 et
638 3067 896 3129 liberales
937 3074 1125 3140 erunt,
1163 3066 1432 3145 primum,
1458 3085 1592 3149 ⁸quo
1623 3065 1869 3146 pluribus
1908 3086 2045 3146 pro·-

71 3137 286 3236 sssfffint,
328 3170 396 3212 eo
432 3152 619 3231 plures
655 3154 732 3212 ad
770 3153 1011 3229 henigne
1043 3152 1360 3212 faciendum
1401 3153 1680 3231 adiutores
1720 3151 2038 3227 habebunt;

68 3220 187 3284 dem
225 3237 619 3299 consuetudine
667 3238 1064 3299 beneficentiae
1080 3289 1091 3299 .
1106 3235 1414 3316 paratiores
1468 3241 1630 3296 erunt
1674 3243 1734 3296 et
1770 3245 2041 3315 tanquam

67 3315 458 3407 exercitatiores
494 3324 568 3382 ad
603 3323 753 3384 bene
791 3323 863 3384 de
898 3323 1084 3383 multis
1114 3323 1557 3401 promerendum.
1642 3321 1931 3382 Praeclare
1977 3323 2037 3382 in

64 3399 285 3494 epistola
324 3408 565 3484 quadam
605 3405 979 3469 Alexandrum
1021 3407 1193 3467 filium
1230 3405 1519 3486 Philippus
1571 3414 1826 3487 accusat,
1883 3408 2036 3484 quod

63 3471 336 3556 largitione
381 3492 821 3554 benevolentiam
877 3491 1250 3552 Macedonum
1303 3496 1667 3552 consectetur.
1753 3491 1910 3557 Quae
1964 3496 2035 3566 te,

64 3557 341 3650 (malumo
375 3577 592 3656 inquit,
632 3581 777 3641 ratio
800 3582 861 3641 in
891 3581 1055 3640 istam
1079 3596 1222 3658 spem
1247 3574 1485 3656 induxit,
1512 3581 1587 3636 νε
1620 3595 1703 3634 eos
1728 3576 1830 3636 tibi
1839 3574 2032 3657 fideles

138 3649 350 3719 Clenno
391 3681 470 3723 mr.
514 3663 657 3724 ΟΠ.
1580 3656 1626 3724 Β
1976 3694 1992 3701 ι
