2417 3967
350 262 398 327 4
784 258 1297 327 CICERONIS
1339 259 1464 353 DE
1490 258 1918 351 ,oFFl-cns
1962 281 1975 286 ·

345 414 857 494 iucunditatemque
871 460 892 492 ‚
934 417 1012 477 ad
1041 415 1334 478 naeffltates
1367 434 1552 478 rerum
1590 419 1763 496 atque
1805 417 1998 497 copias
2011 461 2031 495 ,
2087 415 2165 479 ad
2196 436 2355 500 opu,
2398 484 2399 489 ,

345 501 424 561 ad
456 502 762 581 potentiam
778 545 796 577 ,
840 503 1048 582 quibus
1089 509 1150 563 et
1190 522 1254 563 se
1291 504 1517 583 possint
1544 503 1733 563 iuvare
1771 509 1830 564 et
1869 522 2037 578 suos,
2082 506 2352 566 conducat

342 586 405 647 id
429 604 638 661 necne,
678 587 752 648 de
789 598 904 666 quo
951 587 1278 649 deliberant.
1366 586 1531 657 Quae
1566 587 1898 649 deliberatio
1940 590 2127 650 omnis
2167 590 2230 650 in
2269 608 2351 650 ra-

341 671 553 732 tionem
593 671 852 732 utilitatis
896 674 1065 733 cadit.
1150 670 1409 734 Tertium
1447 673 1741 734 dubitandi
1789 685 1973 752 genus
2006 669 2153 752 est,
2194 693 2351 753 qut-

338 775 600 838 puguare
627 758 850 818 videtur
875 778 996 818 cum
1015 758 1255 819 honesto
1279 759 1360 833 id,
1385 758 1540 837 quod
1563 759 1784 819 videtur
1805 778 1933 819 esse
1959 759 2131 823 utile.
2174 762 2352 831 Quum

291 864 298 871 ·
339 843 490 904 enim
516 842 728 905 utilitas
753 844 832 902 ad
856 863 921 903 se
945 862 1143 924 rapere
1156 887 1175 919 ,
1212 842 1479 904 honestas
1509 848 1993 921 contr-revocare
2040 847 2128 906 ad
2174 865 2242 907 se
2280 847 2352 906 vi·

137 890 150 897 “
215 916 222 921 ’
338 927 536 990 detur:
578 928 681 1001 fit,
705 934 784 989 υἱ
807 929 1144 1001 distrahatur
1173 929 1234 989 in
1267 927 1630 989 deliberando
1650 929 1865 988 animus
1898 929 2230 1009 affin-atque
2260 950 2351 991 an·

336 1012 562 1093 cipitem
595 1031 782 1073 curam
821 1015 1127 1092 cogitandi.
1216 1017 1319 1079 10.
1359 1012 1488 1074 Hac
1498 1014 1788 1084 cdivisione
1814 1014 2019 1092 (quum
2051 1018 2350 1095 praeterite

334 1097 552 1177 aliquid
565 1098 861 1158 maximum
880 1100 1077 1161 vitium
1102 1101 1163 1159 in
1187 1098 1494 1159 dividendo
1520 1100 1622 1174 sit)
1647 1099 1762 1175 duo
1786 1102 2199 1179 praetermissa
2216 1108 2348 1162 sunt.
2400 1136 2402 1141 ·

287 1176 294 1249 ᾗ
335 1180 465 1243 Nec
485 1183 636 1247 enim
665 1184 876 1259 solum,
917 1191 1106 1245 utrum
1132 1182 1530 1244 honestuman
1558 1183 1727 1263 turpe
1764 1185 1870 1257 sit,
1913 1183 2231 1247 deliberari
2269 1206 2349 1246 so-
2398 1156 2402 1245 l

329 1266 446 1340 let;
489 1269 592 1328 sed
633 1268 803 1331 etiam
854 1270 1071 1330 duobus
1111 1269 1418 1350 propositis
1466 1267 1750 1344 honestis,
1811 1276 2000 1331 utrum
2038 1270 2350 1344 honestius,
2398 1292 2402 1349 ς

289 1376 294 1385 ’
335 1353 590 1431 itemque
611 1352 828 1415 duobus
854 1355 1163 1436 propositis
1190 1354 1421 1415 utilibus
1435 1395 1457 1430 ,
1497 1360 1682 1414 utrum
1718 1354 1924 1415 utilius.
2011 1354 2113 1443 lta
2124 1401 2149 1430 ‚
2191 1376 2348 1438 quan
2398 1370 2402 1425 ιζ

332 1437 428 1499 ille
453 1437 724 1517 triplicem
749 1441 969 1521 putavit
998 1442 1124 1501 esse
1157 1441 1463 1514 rationem,
1494 1440 1568 1498 -in
1593 1438 1841 1519 quinque
1866 1445 2065 1519 partes
2094 1441 2347 1504 distribui
2400 1490 2402 1513 i

331 1523 543 1585 debete
568 1525 860 1606 reperitur.
931 1525 1184 1586 Primum
1198 1525 1373 1603 igitur
1395 1530 1486 1585 est
1505 1524 1580 1585 de
1601 1523 1788 1586 hone
1804 1544 1832 1585 s
1848 1530 1945 1600 to,
1973 1526 2085 1587 sed
2116 1528 2343 1608 duplici·
2396 1534 2402 1593 ι’

279 1616 288 1621 “
329 1616 450 1683 tei-3
502 1615 622 1670 tum
668 1604 791 1691 pari
840 1612 1056 1672 ratione
1096 1610 1173 1671 de
1219 1609 1429 1687 utili;
1481 1614 1617 1693 post
1659 1611 1736 1673 de
1777 1615 2345 1694 comparatione
2398 1608 2402 1641 ¹

332 1714 572 1756 eorum
614 1696 1016 1759 disserendum.
1304 1764 1311 1769 ,
2290 1732 2299 1739 ·

458 1780 558 1840 lv.
606 1785 706 1846 11.
749 1782 1031 1863 Principio
1073 1780 1271 1863 generi
1307 1782 1671 1855 animantimn
1721 1780 1875 1844 omni
1906 1785 2019 1853 *est
2066 1800 2113 1843 a
2152 1788 2344 1845 natm

330 1864 599 1926 tributum
614 1908 635 1940 ‚
678 1871 744 1926 ut
783 1886 877 1941 se,
919 1870 1093 1930 vitam
1144 1888 1460 1949 corpusque
1511 1873 1734 1930 tueatur
1789 1866 2207 1948 declineffque]
2266 1887 2341 1944 ea,

331 1969 480 2029 quae
518 1952 776 2012 nocitura
812 1954 1136 2028 videantur,
1193 1956 1524 2037 omniaque,
1560 1973 1731 2033 ‘quae
1777 1953 1891 2013 sint
1929 1954 2009 2012 ad
2045 1954 2342 2016 vivmdm
2398 1998 2399 2025 ¹

326 2037 679 2112 necessaria,
724 2039 985 2119 anquirat
1014 2042 1073 2100 et
1096 2045 1288 2120 paret,
1333 2044 1397 2098 ut
1430 2044 1687 2118 pastum,
1727 2044 1795 2111 ut
1810 2090 1815 2094 .
1832 2037 2099 2114 latibula,
2143 2046 2211 2100 ut
2242 2040 2341 2100 ab

279 2136 283 2143 ·
327 2122 553 2200 generis
596 2122 863 2201 eiusdem.
950 2124 1265 2201 Commune
1311 2130 1500 2185 antem
1548 2124 1913 2189 animantium
1961 2122 2218 2184 omnium
2263 2130 2343 2187 et

217 2273 228 2278 ,
328 2206 728 2269 couiamctionis
789 2209 1075 2289 appetitus
1135 2208 1491 2291 procreandi'
1522 2226 1689 2269 causa
1703 2252 1721 2284 ,
1776 2213 1839 2271 et
1881 2226 2016 2268 cura
2061 2212 2339 2288 quaedam

203 2328 208 2337 .
329 2310 559 2368 eorum,
599 2311 749 2373 quae
785 2300 1082 2376 procreata
1123 2300 1272 2359 sunt.
1357 2294 1480 2356 Sed
1516 2295 1663 2357 inter
1699 2293 1983 2357 homiuem
2018 2298 2085 2357 et
2125 2295 2339 2357 belm

207 3133 218 3139 .
326 3061 519 3131 sarias.
608 3067 706 3127 12.
748 3063 1077 3145 Eademque
1126 3071 1330 3126 natura
1366 3065 1424 3124 vi
1463 3064 1696 3125 rationis
1745 3064 2031 3130 homiuem
2081 3064 2327 3125 conciliat

327 2376 438 2440 h'oc
467 2379 998 2457 maximinum-est,
1040 2382 1196 2460 quod
1225 2380 1366 2443 haec
1400 2385 1652 2457 tantum,
1705 2385 1977 2459 quantum
2014 2399 2195 2442 sensu
2222 2400 2342 2444 mo-

328 2468 522 2540 vetur,
563 2466 641 2527 ad
666 2465 730 2526 id
753 2465 964 2544 solum,
1007 2468 1163 2546 quod
1185 2467 1350 2529 adest
1377 2468 1643 2547 quodque
1667 2484 1938 2547 praesens
1984 2471 2108 2542 est,
2152 2486 2218 2528 se
2252 2486 2338 2528 ae-

323 2551 707 2630 commodat„
734 2551 981 2633 paullum
1024 2552 1328 2614 admodum
1370 2553 1616 2614 sentiens
1649 2552 2017 2633 praeteritum
2052 2558 2160 2614 aut
2194 2553 2338 2613 futu·

329 2654 486 2710 rum3
538 2634 707 2697 homo
755 2645 941 2699 autem
998 2638 1183 2716 (quod
1235 2639 1479 2699 rationis
1509 2641 1600 2700 est
1638 2637 1959 2719 particeps4
1984 2666 1990 2675 x
2015 2656 2126 2727 per
2175 2656 2335 2718 quan

326 2723 728 2799 consequentia
765 2727 941 2789 cernit
954 2768 974 2800 ,
1016 2730 1214 2784 ca'usas
1257 2743 1441 2785 rerum
1473 2724 1628 2784 videt
1665 2741 1966 2803 earumque
2002 2741 2333 2803 progressus

326 2812 390 2868 et
415 2800 576 2885 quasi
601 2811 1013 2870 antecessiones
1041 2828 1156 2868 non
1198 2808 1455 2886 ignorat,
1498 2806 1884 2869 similitudines
1922 2815 2220 2889 comparat
2250 2828 2332 2870 re·

325 2891 549 2970 busque
573 2895 956 2971 praesentibus
982 2895 1237 2972 adiungit
1249 2900 1422 2974 atque
1445 2895 1692 2955 annectit
1715 2891 1964 2970 suturas)
1988 2894 2155 2955 facile
2168 2895 2327 2954 totius

325 2976 476 3036 vitae
497 2997 719 3041 cursum
743 2980 899 3051 videt
938 2981 1013 3040 ad
1038 2999 1276 3057 eamque
1315 2979 1632 3057 degendam
1669 2975 1973 3060 'praeparat
2003 2999 2096 3040 res
2141 2998 2326 3040 neees-
2392 3020 2393 3031 η

325 3145 536 3209 homini
557 3151 623 3206 et
647 3147 724 3207 ad
750 3150 1015 3211 orationis
1044 3156 1104 3212 et
1134 3151 1212 3210 ad
1240 3152 1390 3235 vitae
1433 3151 1790 3225 societatem,
1831 3150 2244 3231 ingeneratque
2270 3148 2323 3208 iu

321 3232 518 3312 primis
568 3233 925 3313 praecipuum
982 3237 1263 3314 quendam
1314 3252 1562 3299 amorem
1603 3235 1665 3295 in
1710 3254 1808 3295 eos
1825 3279 1845 3311 ,
1902 3235 2002 3314 qui
2050 3234 2321 3317 procreati

326 3323 494 3391 sunt,
533 3316 874 3398 impellitque
888 3362 908 3394 ,
951 3328 1017 3381 ut
1040 3321 1325 3381 hominum
1362 3325 1556 3382 coetus
1589 3326 1647 3380 et
1665 3319 2068 3382 celebrationes
2107 3326 2172 3384 et
2208 3339 2323 3382 esse

322 3409 386 3462 et
411 3420 450 3461 a
490 3422 554 3463 se
581 3403 729 3462 obiri
753 3404 888 3464 velit
929 3406 1004 3466 ob
1033 3424 1243 3483 easque
1285 3424 1479 3467 causas
1522 3406 1747 3466 studeat
1786 3424 1990 3486 parare
2035 3426 2141 3484 ea,
2185 3423 2320 3486 quae

322 3486 685 3567 suppeditent
708 3494 767 3550 et
792 3491 871 3549 ad
895 3491 1103 3550 cultum
1129 3497 1188 3551 et
1216 3491 1292 3550 ad
1321 3493 1558 3564 victum,
1598 3509 1706 3552 nec
1728 3491 1835 3551 sibi
1859 3490 2004 3565 soli,
2061 3492 2167 3563 sed
2193 3508 2318 3553 con-

320 3569 472 3649 iugi,
517 3570 708 3635 liberis
751 3575 1060 3656 ceterisque
1075 3616 1100 3649 ,
1141 3594 1286 3661 quos
1341 3595 1504 3639 caros
1542 3576 1751 3639 habeat
1792 3578 2058 3673 tuerique
2100 3578 2312 3640 debeat.

589 3784 623 3801 ,Δ
