2417 3967
487 232 1551 343 }*Lu³.1.-cAP.37..38.89‚
1748 364 1757 369 ,
1972 264 2099 355 ’30ι

89 424 446 500 neocesariae,
487 423 546 483 in
565 423 766 503 quibus
794 416 1062 485 utendum
1092 430 1182 486 est
1199 424 1438 484 sortasse
1465 428 1525 485 et
1548 422 1702 482 vocis
1725 420 2084 483 coutentium

87 506 291 567 maiore
321 513 379 567 et
417 509 710 569 verborum
752 509 1025 586 gravitate
1062 510 1321 570 acriore.
1373 507 1440 568 Id
1465 509 1744 586 agendum
1768 508 1974 582 etiam,
2016 514 2082 567 ut

87 604 152 647 ea
171 591 360 655 facere
381 595 671 654 videamur
690 594 838 654 irati.
924 595 1043 661 Sed
1065 601 1131 654 ut
1152 594 1243 675 ad
1251 574 1521 654 urendum
1548 599 1609 654 et
1631 592 1981 667 secandum,
1999 593 2081 653 sic

86 679 142 734 et
180 677 257 736 ad
298 677 409 738 hoc
445 698 626 756 genus
659 674 970 780 castigandi
1011 699 1141 740 raro
1165 664 1439 758 invitique
1476 679 1799 751 veniemus,
1842 696 1949 739 nec
1972 696 2077 737 un-

82 776 245 836 quam
276 764 392 824 nisi
426 761 779 840 necessario,
821 766 869 825 si
907 765 1060 826 nulla
1101 765 1407 844 reperietur
1438 764 1545 823 alia
1579 764 1872 824 medicina.
1957 763 2079 823 Sed

82 848 309 906 tamen
294 867 377 907 ira
405 849 600 929 procul
630 852 804 927 absit,
848 870 974 911 cum
1000 869 1115 929 qua
1134 849 1270 910 nihil
1296 854 1446 912 recte
1477 850 1623 924 fleri,
1664 848 1802 909 nihil
1822 847 2079 910 consido-

78 936 194 992 rate
218 939 431 1012 potest.
519 938 663 1001 137
702 937 975 1015 Magnam
995 941 1184 997 autem
1198 938 1418 1016 partem
1443 935 1700 996 clementi
1713 933 2080 1011 castigatione

78 1011 208 1076 licet
228 1019 364 1094 uti,
393 1021 666 1098 gravitate
703 1028 890 1083 tamen
931 1022 1225 1095 adiuncta,
1268 1027 1332 1080 ut
1359 1026 1420 1082 et
1441 1022 1712 1081 severitas
1748 1019 2081 1080 adhibeatur
2202 997 2245 1083 ,—

76 1106 133 1159 et
168 1105 512 1167 contumelia
543 1102 879 1186 repellatur3
919 1113 1093 1186 atque
1125 1107 1297 1169 etiam
1322 1106 1497 1167 illud
1480 1125 1661 1187 ipsum
1674 1147 1694 1181 ,
1735 1105 1893 1183 quod
1922 1120 2081 1166 acer-

59 1184 260 1247 -bitatis
286 1190 464 1252 habet
490 1192 834 1271 obiurgatio,
878 1193 1302 1279 significandum
1328 1198 1437 1268 est,
1476 1193 1647 1272 ipsius
1664 1188 1741 1251 id
1763 1208 1951 1263 causa,
1980 1188 2079 1268 qni

65 1271 444 1353 obiurgata,
476 1295 605 1339 esse
637 1285 974 1381 susceptum.
1056 1279 1296 1341 Rectum
1337 1284 1426 1340 est
1446 1284 1636 1339 autem
1674 1278 1842 1339 etiam
1871 1277 1934 1339 in
1969 1275 2076 1335 illis
2156 1320 2163 1327 .

70 1362 555 1440 contentionibus,
598 1383 744 1442 quae
763 1385 890 1426 cum
911 1365 1295 1426 inimicissimis
1334 1363 1511 1440 fiunt,
1551 1363 1767 1426 etiamsi
1790 1362 1953 1422 nobis
1989 1361 2077 1421 in-

69 1444 245 1524 ἅμα
285 1449 616 1524 audiamus,
686 1456 877 1512 tamen
925 1451 1258 1528 gravitatem
1294 1450 1566 1525 retinere,
1594 1447 1949 1509 iracundiam
1982 1464 2078 1507 re-

66 1531 358 1611 pelleae.
384 1534 552 1604 Quae
562 1537 710 1597 enim
738 1557 863 1597 cum
882 1535 1068 1614 aliqua
1086 1533 1512 1636 perturbatione
1537 1534 1702 1608 fiunt,
1730 1552 1800 1593 ea
1820 1551 1929 1594 nec
1938 1546 2077 1591 con-
2148 1586 2153 1591 .

67 1622 292 1680 stanter
315 1617 440 1680 fieri
461 1627 701 1700 possunt
722 1642 908 1701 neque
934 1618 1101 1702 [ab]
1085 1620 1152 1681 iis
1165 1663 1186 1696 ,
1227 1620 1324 1698 qui
1346 1620 1584 1693 adsunt,
1626 1617 1887 1698 probari.
1953 1615 2079 1678 De-

62 1705 249 1767 some
285 1711 379 1767 est
420 1707 591 1766 etiam
617 1709 692 1768 de
723 1727 788 1768 se
825 1710 1010 1788 ipsum
1042 1706 1402 1785 praedicare,
1447 1703 1588 1763 salsa
1611 1702 1973 1821 praesertim,
2008 1706 2078 1764 et
2172 1736 2185 1743 ·

65 1807 200 1850 mm
221 1791 478 1852 irrisione
502 1793 848 1854 audientium
873 1792 1078 1853 imitari
1104 1790 1323 1850 militem
1350 1790 1658 1869 gloriosum.

193 1875 472 1937 XXXIX
516 1880 658 1944 138.
698 1878 779 1938 Et
800 1879 1078 1963 quoniam
1086 1878 1275 1937 omnia
1298 1876 1687 1960 persequimur
1708 1904 1797 1918 —-
1821 1871 2078 1933 volumus

47 1959 301 2039 quidem
324 1968 530 2033 carte:
552 1963 852 2025 dicendum
878 1970 968 2025 est
991 1964 1194 2037 etiam,
1238 1962 1457 2041 qualem
1478 1961 1715 2021 hominis
1739 1957 1996 2019 honorati
2018 1965 2079 2019 et

55 2047 338 2129 prindpis
378 2048 661 2109 domum
699 2050 923 2130 placeat
953 2069 1108 2111 esse:
1152 2048 1307 2109 cuius
1337 2049 1465 2108 finis
1491 2052 1581 2108 est·
1616 2065 1781 2121 usus,
1804 2045 1881 2118 ad
1905 2062 2074 2122 quem

57 2134 550 2195 accomodari&
584 2140 680 2196 est
722 2135 1057 2196 aedificandi
1094 2135 1398 2215 descriptio
1432 2138 1493 2193 et
1524 2140 1716 2193 tamen
1754 2128 2078 2192 adhibenda

55 2220 477 2281 commoditatis
519 2220 925 2299 dignintisque
962 2219 1269 2300 diligentia.
1351 2218 1461 2278 Cn.
1499 2218 1767 2292 Octavio,
1826 2212 1925 2293 q'ui
1963 2214 2080 2294 pri·

52 2320 192 2364 mus
219 2323 290 2367 ex
314 2305 410 2365 illa
446 2307 656 2368 familia
680 2306 874 2367 consul
906 2304 1086 2367 factus
1129 2311 1251 2380 est,
1289 2301 1492 2365 honori
1527 2305 1705 2364 fnisse
1742 2302 2075 2380 accepimus,

53 2391 230 2470 quod
252 2393 594 2476 praeclaram
619 2393 1012 2459 aedificasset
992 2412 1051 2456 ιιι
1076 2391 1290 2456 Palatio
1316 2396 1375 2455 et
1404 2388 1753 2478 plena-10¹³
1693 2387 1951 2447 “nitatis
1971 2386 2077 2446 <10-

45 2495 255 2537 mum·
300 2497 451 2558 quae
478 2500 650 2559 quum
677 2482 846 2561 vulgo
875 2485 1161 2561 viseretur,
1187 2481 1497 2562 suffragata
1521 2485 1767 2560 domino,
1794 2501 1943 2544 novo
1969 2475 2074 2544 ho-

47 2563 204 2622 misni
220 2604 241 2637 ,
280 2566 359 2624 nd
380 2566 727 2628 consulatum
762 2569 1083 2647 putabatur.
1165 2570 1334 2631 Hanc
1367 2571 1609 2631 Scaurus
1639 2568 1937 2631 demolitus
1979 2586 2076 2629 ac·-
2160 2572 2167 2579 ‘

43 2649 378 2710 cessionem
401 2653 654 2713 adiunxit
683 2654 936 2715 aedibus.
1020 2654 1218 2734 ltaque
1232 2654 1368 2716 ille
1351 2676 1410 2715 ιιι
1436 2675 1594 2716 suam
1619 2657 1846 2716 domum
1871 2674 2075 2717 consu-

43 2732 242 2793 latum
267 2737 477 2815 primus
499 2739 716 2813 attulit3
754 2737 878 2813 hic,
922 2741 1119 2805 summi
1139 2748 1205 2802 et
1229 2741 1513 2802 clarissimi
1536 2761 1638 2801 vm
1660 2742 1839 2817 filius,
1881 2742 1941 2800 ἰιι
1967 2740 2073 2799 do-
2169 2762 2177 2768 ·
2262 2760 2269 2765 ’

37 2835 220 2879 mum
243 2820 657 2902 multiplicatam
675 2843 792 2884 non
817 2826 1114 2904 repulsam
1127 2826 1305 2887 solum
1326 2827 1536 2902 retulit,
1574 2828 1677 2887 sed
1712 2827 2072 2905 ignominiam

41 2905 240 2965 etiam
269 2914 331 2967 et
357 2907 778 2970 calamitatem.
827 2914 971 2978 139.
1012 2913 1287 2973 Ornanda
1319 2912 1467 2973 enim
1499 2920 1588 2974 est
1612 2914 1856 2992 dignitas
1880 2912 2072 2987 domo,

33 3007 184 3048 non
209 3009 279 3050 ex
301 2993 470 3053 domo
499 3000 625 3055 tota
646 2997 1003 3074 quaerenda3
1038 3014 1144 3057 nec
1167 2998 1336 3057 domo
1367 2998 1659 3073 dominus,
1699 2999 1805 3061 sed
1842 2999 2069 3059 domino

33 3076 262 3135 domus
283 3077 633 3140 honestanda
659 3087 767 3142 est.
850 3081 930 3142 Et
956 3082 1061 3142 ut
1046 3102 1103 3141 m
1129 3082 1334 3142 ceteris
1350 3083 1614 3144 habenda
1639 3086 1783 3146 ratio
1807 3104 1924 3145 non
1964 3101 2071 3145 sua

37 3158 274 3237 solum,
316 3165 421 3225 sed
443 3166 614 3227 etiam
640 3166 900 3245 aliorum.
942 3169 1022 3228 sic
1047 3169 1108 3229 in
1147 3169 1317 3228 domo
1342 3168 1474 3228 clari
1500 3170 1767 3248 hominis,
1804 3173 1864 3231 in
1898 3187 2070 3250 quam

32 3250 114 3306 et
162 3245 412 3327 hospites
452 3251 610 3313 multi
648 3238 953 3332 recipiendi
987 3260 1048 3314 et
1083 3253 1434 3315 admittenda
1471 3255 1756 3317 hominum
1800 3257 2069 3333 cuiusque

32 3328 220 3391 modi
244 3333 558 3412 multitudo,
596 3337 916 3400 adhibenda
940 3357 1077 3398 cura
1103 3345 1193 3400 est
1215 3338 1467 3401 laxitatis.
1549 3340 1728 3403 Aliter
1753 3341 1936 3421 ampla
1960 3338 2066 3401 ‹lo-

32 3432 184 3475 mus
215 3417 476 3482 dedecori
493 3424 721 3484 domino
734 3442 905 3503 saepe
926 3424 1013 3499 fit,
1039 3424 1087 3483 si
1114 3426 1245 3484 est
1230 3445 1288 3485 ιιι
1318 3445 1388 3486 ea
1412 3427 1695 3501 solitud03
1724 3435 1783 3488 et
1802 3428 2062 3501 maxime,

32 3501 96 3560 si
115 3501 455 3605 ’aliquando
491 3508 606 3569 alio
642 3508 870 3569 domino
898 3509 1058 3568 solita
1098 3515 1185 3570 est
1225 3512 1587 3589 frequentari.
1672 3512 1947 3576 Odiosum
1975 3518 2064 3572 est
2196 3594 2213 3603 ἐ

32 3586 241 3697 anim,
286 3607 455 3668 quum
474 3611 514 3655 ι
535 3595 1020 3676 praetereuntibus
1043 3595 1275 3657 dicitur·
1558 3640 1583 3669 .
1645 3684 1688 3747 4
1701 3675 1737 3718 *

1039 3720 1080 3759 ἱ
