2417 3967
625 237 797 321 ΜΒ.
838 240 885 300 1.
959 239 1166 313 ‚CAR
1207 241 1310 307 39.
1352 240 1454 308 40.
1498 238 1669 307 41x·
2033 243 2151 305 41·
2271 198 2300 220 Χ

119 391 436 470 prudentiae
461 394 710 473 propria,
737 415 839 454 suo
865 396 986 457 loco
1013 386 1160 458 dicta
1179 366 1348 468 'sunt3
1391 412 1536 473 quae
1567 400 1755 454 autem
1782 394 1979 455 harum
1999 394 2128 454 vir-
2198 396 2259 417 “¹

119 481 300 552 tutum),
345 479 420 538 de
445 480 651 556 quibus
674 480 784 540 iam
809 483 906 541 diu
930 482 1203 560 loquimur
1209 527 1235 583 3
1276 499 1424 571 quae
1443 479 1725 559 pertinent
1751 479 1826 540 ad
1843 498 2110 541 verecun-
2169 514 2175 520 -
2246 495 2260 512 =

115 561 253 651 diam
278 568 337 625 et
359 565 438 623 ad
460 585 659 627 eorum
683 569 1168 645 approbationem,
1202 569 1526 645 quibuscum
1545 565 1776 625 vivimus
1791 609 1811 639 ,
1849 584 1996 625 nunc
2020 566 2109 625 di-

116 649 278 707 cenda
310 656 459 710 sunt.
551 651 693 717 144.
721 651 884 712 Talis
920 660 1009 714 est
1032 656 1202 733 igitur
1239 654 1379 713 ordo
1419 653 1702 717 actionum
1735 652 2107 726 adhibendus,

113 737 198 807 ut,
238 738 710 811 quemadmodum
733 738 1072 815 in‘oratione
1094 741 1403 816 constanti,
1429 737 1606 798 sicin
1631 737 1749 795 vita
1782 734 1971 797 omnia
1991 738 2129 817 sint(

112 823 234 897 apta
255 822 402 881 inter
425 841 492 882 se
512 829 571 882 et
591 825 991 885 convenientia.
1048 826 1243 905 Turpe
1268 816 1355 885 est
1375 825 1524 883 enim
1549 821 1823 898 valdeque
1843 823 2101 885 vitiosum

110 903 165 960 in
181 920 258 965 tre
282 926 482 969 severa
512 910 731 969 convivi
760 911 907 970 dicta
930 916 1029 970 aut
1045 911 1349 972 delicatum
1385 910 1632 987 aliquem
1651 908 1857 968 inferre
1889 927 2101 967 sermo-

107 1006 240 1049 nem.
323 992 487 1053 Bene
509 993 781 1071 Pericles3
823 1015 992 1074 quum
1021 997 1259 1061 haberet
1297 994 1568 1079 collegam
1605 995 1664 1051 in
1684 1000 1962 1072 ,praetura
1987 994 2097 1053 So-
2228 1064 2235 1077 ἡ

105 1073 348 1152 phoclem
392 1076 657 1159 [pofe’tam
672 1085 730 1155 1,
770 1082 940 1159 hique
973 1084 1050 1142 de
1080 1083 1358 1142 communi
1399 1080 1581 1142 officio
1609 1080 2001 1140 convenissent
2035 1085 2097 1139 et
2168 1104 2175 1111 ²

106 1178 227 1221 casu
244 1165 528 1235 formosus
552 1186 695 1246 puer
731 1169 1063 1246 praeteriret
1089 1168 1430 1246 dixissetque
1450 1164 1758 1245 Sophocles
1809 1209 1849 1239 „
1869 1166 1923 1225 Ο
1947 1184 2117 1244 pue-.-

103 1264 216 1305 rum
234 1249 555 1328 pulchrum,
594 1252 927 1329 Periclel“‚
971 1252 1099 1330 „At
1112 1255 1260 1315 enim
1285 1260 1623 1333 praetorem,
1660 1250 1956 1331 Sophocle,
1988 1250 2095 1311 de·

102 1338 184 1391 cet
218 1351 332 1394 non
377 1338 563 1397 solum
603 1356 799 1397 manus
840 1339 945 1398 sed
987 1341 1156 1400 etiam
1193 1339 1382 1399 oculos
1422 1339 1768 1400 abstinentes
1811 1337 2036 1397 habere.
2049 1336 2091 1370 “

100 1413 273 1501 Atque
292 1421 402 1482 hoc
426 1425 582 1489 idem
605 1414 914 1504 Sophdcles
942 1424 991 1482 si
1016 1425 1079 1484 in
1109 1416 1446 1486 athletarum
1479 1422 2091 1502 probationedixisset:

100 1502 234 1565 iusta
253 1510 693 1593 reprehensione
714 1511 996 1570 caruisset.
1063 1509 1257 1570 Tanta
1274 1511 1364 1573 vis
1389 1514 1477 1568 est
1500 1514 1562 1568 et
1586 1509 1696 1569 loci
1721 1514 1780 1567 et
1803 1508 2087 1585 temporis.

99 1585 176 1647 Ut
208 1593 257 1650 si
278 1594 436 1671 quiS,
484 1600 658 1674 quum
683 1613 903 1655 causam
929 1596 1004 1654 sit
1024 1600 1248 1655 acturus
1261 1637 1280 1669 ‚
1323 1597 1384 1655 in
1396 1593 1604 1654 itinere
1629 1599 1726 1654 aut
1752 1594 1814 1650 in
1835 1590 2089 1650 ambula-
2184 1604 2198 1629 ‘-

88 1672 241 1743 ,tione
253 1698 441 1742 secum
454 1684 582 1760 ipse
599 1682 902 1741 meditetur
925 1686 1025 1741 aut
1039 1682 1089 1739 si
1111 1682 1249 1758 quid
1270 1679 1419 1739 aliud
1433 1674 1699 1741 attentius
1710 1676 1947 1754 cogitet:
1969 1695 2087 1736 non

93 1764 556 1841 reprehendam
599 1773 666 1826 at
700 1766 809 1826 hoc
845 1768 992 1827 idem
1027 1767 1077 1825 si
1113 1767 1174 1825 in
1212 1755 1463 1845 convivio
1502 1766 1699 1825 faciat:
1754 1752 2087 1822 inhumanus

94 1843 337 1911 videatur
360 1853 585 1913 inscitia
611 1854 899 1932 temporie.
985 1849 1127 1917 145.
1170 1851 1290 1913 Sed
1312 1871 1412 1927 ea,
1457 1869 1603 1928 quae
1620 1848 1852 1913 multum
1879 1847 1952 1906 ab
1977 1847 2084 1907 hu·

93 1934 350 1999 munitate
372 1940 698 2017 discrepant
708 1946 738 2011 ,‘
767 1943 834 1997 ut
860 1939 910 1998 si
938 1939 1064 2015 quis
1087 1938 1148 1996 in
1172 1941 1299 1998 foro
1320 1943 1513 1998 cantet
1538 1941 1636 1996 aut
1661 1936 1839 2013 siqua
1860 1939 1949 1994 est
1973 1932 2086 1993 alia
2172 1952 2175 1957 ⁴

93 2033 288 2096 magna
298 2015 653 2102 perversitas,
668 2022 827 2083 facile
838 2030 1115 2103 apparent
1126 2043 1231 2085 nec
1242 2042 1447 2103 magno
1462 2042 1634 2104 opere
1652 2020 2086 2082 admonitionem

95 2107 149 2164 et
169 2115 473 2189 praecepta
496 2109 851 2180 desiderant3
892 2127 1038 2187 quae
1067 2102 1258 2169 autem
1285 2104 1460 2189 parv'a
1487 2110 1744 2169 videntur
1782 2124 1913 2167 esse
1929 2102 2084 2166 ‘deli-³

93 2191 179 2246 cta
203 2204 387 2271 neque
411 2213 449 2253 a
470 2193 656 2253 multis
672 2193 904 2272 intelligi
928 2200 1197 2274 possunt,
1239 2194 1313 2253 ab
1352 2194 1421 2252 iis
1447 2199 1535 2254 est
1565 2192 1883 2268 diligentius
1907 2189 2081 2251 decli-
2146 2229 2158 2243 ‚

90 2277 341 2339 nandum.
428 2277 518 2339 Ut
546 2280 605 2338 in
640 2279 844 2337 fidibus
874 2284 970 2339 aut
984 2280 1061 2348 ‚in
1081 2279 1271 2353 tibiis,
1312 2280 1562 2356 quamvis
1598 2276 1844 2356 paullum
1872 2276 2083 2337 discre-

89 2365 255 2437 pent,
290 2369 483 2427 tamen
509 2365 570 2423 id
613 2383 650 2427 a
674 2364 885 2425 sciente
920 2363 1283 2427 animadverti
1321 2364 1499 2425 solet:
1540 2362 1620 2422 sic
1653 2357 1957 2445 videndum
1992 2366 2082 2421 est
2114 2356 2123 2361 ”

87 2440 143 2503 in
181 2446 325 2524 vita,
364 2469 456 2510 ne·
475 2452 623 2509 forte
660 2450 798 2528 quid
838 2450 1147 2530 discrepet,
1185 2481 1276 2499 —-
1331 2450 1422 2510 vel
1457 2447 1630 2508 multo
1669 2448 1834 2507 etiam
1879 2446 2099 2524 magias

51 2564 52 2567 =
87 2545 192 2603 quo
209 2534 401 2594 *maior
433 2541 495 2594 et
550 2535 746 2594 melior
777 2535 1057 2594 actionum
1097 2554 1267 2612 quam
1309 2548 1590 2597 sonorum·
1629 2537 1927 2593 concentus
1970 2536 2097 2592 est-⁴

86 2610 227 2677 XLI.
273 2620 416 2686 146.
441 2620 638 2698 Itaque
657 2621 798 2680 utin
826 2621 1030 2681 fidibus
1051 2623 1383 2693 musicorum
1402 2639 1564 2681 aures
1589 2617 1679 2678 vel
1698 2619 1923 2677 minima
1940 2633 2074 2677 sen·-

85 2698 254 2777 tiunt,
300 2707 383 2764 sic
404 2722 508 2766 nos
523 2745 560 2778 ,-
585 2705 633 2764 si
656 2725 813 2781 acres
851 2725 917 2766 ac
958 2707 1256 2784 diligentes
1284 2727 1411 2769 esse
1435 2705 1688 2765 volumus
1726 2703 2076 2787 animadver-

85 2800 232 2845 sores
254 2790 510 2849 vitiorum
528 2833 548 2864 ,
588 2809 797 2868 magna
828 2810 1000 2872 saepe
1038 2792 1406 2870 intelligemus
1447 2809 1516 2851 ex
1541 2791 1743 2869 parvis.
1827 2788 1915 2847 Ex
1940 2807 2075 2849 ocu·-

84 2863 253 2932 lorum
275 2874 479 2935 obtutu
489 2919 511 2948 ,
553 2894 622 2936 ex
647 2877 1183 2957 superciliorumaut
1208 2874 1533 2938 remissione
1553 2881 1652 2934 aut
1677 2873 2075 2948 contractione,

85 2970 150 3010 ex
180 2962 489 3036 maestitia,
528 2978 597 3019 ex
636 2961 942 3038 hilaritate,
983 2981 1053 3023 ex
1089 2963 1200 3023 risu
1216 3004 1237 3036 ,
1279 2978 1349 3022 ex
1368 2960 1646 3031 locutione
1660 3002 1679 3034 ‚
1722 2977 1791 3020 ex
1831 2960 2072 3021 reticen-

83 3036 157 3096 tia
169 3083 191 3112 ,
230 3063 300 3105 ex
338 3045 697 3107 contentione
733 3048 884 3106 vocis
929 3052 988 3107 et
1019 3047 1409 3123 submissione,
1453 3066 1524 3106 ex
1569 3045 1767 3106 ceteris
1803 3043 2071 3105 similibus

82 3121 233 3187 facile
253 3130 614 3191 iudicabimus
639 3133 778 3208 quid
802 3152 994 3192 eorum
1031 3140 1168 3213 apte
1192 3133 1296 3193 fiat
1311 3177 1330 3209 ,
1374 3133 1512 3210 quid
1536 3131 1609 3191 ab
1637 3122 1821 3211 officio
1843 3135 2071 3190 natura-

83 3222 187 3281 que
222 3214 517 3295 discrepet.
618 3217 748 3288 Quo
790 3218 851 3276 in
887 3237 1094 3295 genere
1135 3206 1253 3278 non
1288 3224 1376 3279 est
1408 3217 1813 3279 incommodum
1828 3258 1848 3289 ,
1905 3214 2070 3292 quale

81 3293 319 3375 quidque
340 3320 530 3369 eorum
550 3302 628 3369 sit
641 3346 662 3377 ‚
703 3322 773 3363 ex
789 3302 912 3363 aliis
934 3304 1208 3380 iudicare,
1251 3310 1319 3364 nt
1336 3306 1384 3364 si
1410 3294 1551 3383 quid
1572 3303 1841 3364 dedeceat
1859 3300 1918 3359 in
1943 3298 2069 3373 illis,
2108 3364 2123 3369 ,

2324 3064 2335 3070 ι

2342 3374 2351 3379 s

80 3376 309 3444 vitemus
348 3388 473 3465 ipsi.
556 3387 656 3446 Fit
694 3388 839 3452 enim
856 3432 879 3463 ‚
919 3391 1105 3449 nescio
1141 3390 1423 3469 quomodo
1439 3431 1458 3463 ‚
1516 3395 1581 3449 ut
1623 3388 1802 3464 magis
1840 3386 1901 3445 in
1938 3384 2086 3471 filii!
2204 3422 2211 3425 ·

82 3477 355 3529 cernamus
380 3489 548 3548 quam
581 3473 640 3531 in
667 3474 945 3534 nobismet
964 3475 1142 3552 ipsis,⁴
1176 3477 1226 3535 si
1264 3477 1402 3554 qnid
1434 3472 1783 3552 delinquitur.
1865 3469 2066 3548 ltaque

79 3542 323 3616 facillime
347 3557 695 3635 corrig-antur
719 3558 777 3619 in
812 3559 1083 3627 discendo
1097 3604 1115 3634 ,
1159 3564 1396 3639 quorum
1415 3558 1853 3629 vitia‘imitantur
1879 3574 2070 3617 emen-
2126 3597 2128 3600 >
2230 3614 2243 3621 .
