2417 3967
612 232 780 331 nm.
822 233 869 294 1.
955 230 1154 313 cap.
1199 233 1300 300 28.
1342 190 1493 307 29)
1948 224 2037 292 zo

70 379 332 444 vehemens
362 376 554 466 'atque
595 389 761 449 forte.
857 387 978 450 Sed
1012 387 1252 448 maxima
1290 384 1369 444 vis
1409 383 1595 459 decori
1638 383 1696 443 in
1734 382 1840 444 hac
1879 381 2030 445 inest

68 473 221 548 parte,
261 471 331 530 de
357 490 468 548 qua
492 475 851 553 disputamus.
937 472 1142 551 Neque
1171 472 1317 533 enim
1341 471 1516 530 solum
1544 469 1809 548 corporis,
1836 468 1932 546 qui
1952 468 2030 529 ad

69 557 289 613 naturam
312 558 427 635 apti
449 565 600 634 sunt,
626 560 730 620 sed
757 559 929 619 multo
952 551 1114 618 etiam
1140 556 1322 635 magis
1335 556 1502 615 animi
1530 561 1710 615 motus
1734 553 2032 634 probandi,

69 638 148 717 qui
168 639 290 700 item
312 641 386 701 ad
411 651 661 704 naturam
687 644 1085 705 accommodati
1110 648 1254 703 sunt.
1342 645 1483 708 101.
1530 635 1753 718 Duplex
1769 644 1856 699 est
1885 638 2034 698 enim

67 724 135 782 vis
157 722 457 786 animorum
494 735 664 808 atque
700 736 925 790 natura:
990 747 1103 787 una
1137 722 1275 811 'pars
1317 729 1377 785 in
1410 727 1661 805 appetitu
1676 782 1683 786 ,
1700 726 1885 804 posita
1923 729 2032 795 est,
2060 776 2071 781 -
2170 758 2177 767 ·

68 826 193 886 quae
215 818 297 871 est
317 805 476 895 ἆρ’μή
503 808 762 890 Graece,'
781 834 928 895 quae
954 815 1233 874 homiuem
1260 813 1368 872 huc
1404 818 1463 873 et
1486 811 1612 887 illuc
1637 810 1817 889 rapit;
1857 807 2034 869 altera

66 894 116 952 in
137 896 353 972 ratione,
396 917 544 977 quae
566 901 733 960 docet
755 906 814 962 et
854 900 1117 980 explanat
1144 899 1282 977 quid
1305 897 1619 958 faciendum
1640 895 2036 973 fugiendumve

67 978 140 1038 sit.
228 981 314 1041 lta
351 983 417 1043 fit
445 990 507 1043 ut
548 985 687 1046 ratio
739 989 982 1064 praesit,
1035 986 1317 1067 appetitus
1375 985 1737 1060 obtemperet.
1819 978 2032 1040 XXIX.
2090 1012 2097 1019 -

68 1063 239 1125 Omnis
251 1074 434 1128 autem
450 1071 594 1129 actio
609 1089 804 1131 vacare
818 1072 990 1131 debet
1013 1071 1324 1131 temeritate
1343 1075 1400 1128 et
1418 1067 1776 1147 negligentia,
1807 1085 1911 1126 nec
1935 1083 2036 1126 ve·

66 1167 119 1208 ro
141 1169 296 1227 agere
312 1155 637 1232 quidquam,
664 1156 816 1216 cuius
841 1176 955 1216 non
969 1155 1150 1236 possit
1176 1173 1397 1223 causam
1409 1151 1754 1236 probabilem
1776 1152 2035 1211 reddere.

66 1237 188 1302 102„
213 1235 380 1313 ‚Haec
402 1245 494 1300 est
529 1243 675 1301 enim
701 1243 821 1302 fere
867 1242 1168 1321 descriptio
1202 1241 1369 1301 offici.
1452 1237 1819 1299 Efficiendum
1848 1240 2038 1297 autem

67 1325 142 1378 est
170 1326 228 1381 ut
260 1320 539 1405 appetitus
583 1327 784 1407 rationi
828 1328 1126 1402 obediant,
1182 1319 1416 1411 eamque
1442 1325 2043 1403 'nequepraecurrant

63 1421 151 1465 nec
169 1416 390 1489 propter
416 1411 697 1490 pigritiam
724 1417 822 1470 aut
854 1413 1130 1490 ignaviam
1163 1414 1458 1486 deserant,
1504 1406 1727 1486 sintque
1755 1404 2038 1487 tranquilli

65 1495 212 1569 atque
236 1496 381 1577 omui
407 1496 580 1556 animi
600 1496 1017 1576 perturbatione
1048 1502 1288 1557 careant.
1345 1495 1434 1554 Ex
1455 1514 1565 1572 quo
1590 1493 1829 1554 elucebit
1855 1492 2036 1551 omnis

65 1581 346 1649 constantia
396 1583 692 1660 omnisque
738 1584 1061 1643 moderatio.
1144 1581 1299 1642 Nam
1354 1581 1451 1658 qui
1490 1580 1769 1659 appetitus
1815 1577 2039 1653 longius

65 1670 345 1740 evagantur
386 1672 449 1727 et
487 1672 757 1745 tanquam
790 1667 1122 1729 exsultantes
1163 1667 1280 1728 sive
1319 1665 1595 1745 cupiendo
1625 1664 1741 1723 sive
1770 1656 2041 1740 fugiendo

63 1762 161 1806 non
200 1750 329 1831 satis
370 1770 406 1812 a
447 1753 664 1813 ratione
707 1753 1050 1829 retinentur,
1090 1753 1131 1811 ii
1173 1752 1293 1813 sine
1331 1751 1500 1810 dubio
1532 1749 1698 1808 finem
1727 1754 1785 1809 et
1812 1748 2040 1807 modum

65 1834 346 1897 transeunt.
369 1887 390 1899 „
429 1836 779 1915 Relinquunt
803 1839 956 1899 enim
989 1844 1048 1898 et
1087 1837 1350 1898 abiiciunt
1373 1834 1774 1909 obedientiam,
1806 1853 1912 1894 nec
1947 1849 2042 1890 ra·

63 1914 181 1977 tioni
203 1926 441 2000 parent,
479 1923 567 1981 cui
599 1929 729 1983 sunt
761 1924 989 1984 subiecti
1019 1924 1147 2002 lege
1171 1912 1431 1983 naturae:
1473 1940 1509 1981 a
1538 1920 1736 1999 quibus
1766 1939 1884 1979 non
1919 1936 2042 1975 mo-

64 1998 128 2059 do
155 2004 314 2082 animi
341 2008 766 2085 perturbantur,
812 2011 914 2070 sed
937 2010 1104 2070 etiam
1133 2027 1384 2089 corpora.
1466 2005 1630 2067 Licet
1651 2024 1749 2066 ora
1774 2006 1899 2086 ipsa
1925 2021 2043 2064 cer-

63 2102 182 2147 nere
202 2088 468 2175 iratorum
496 2098 593 2151 aut
613 2112 825 2169 eorum,
851 2090 961 2172 *qui
984 2101 1081 2154 aut
1110 2095 1339 2155 libidine
1365 2092 1551 2171 aliqua
1577 2097 1675 2152 ant
1703 2097 1855 2168 metu
1886 2096 2051 2150 com-³

65 2172 183 2231 moti
212 2181 337 2234 sunt
367 2181 467 2235 aut
493 2176 778 2258 voluptate
796 2179 964 2239 nimia
989 2180 1259 2256 gestiunt:
1303 2197 1537 2256 quorum
1561 2177 1802 2237 omnium
1834 2175 2040 2248 vultus,
2158 2166 2179 2183 '

62 2273 239 2337 voces,
276 2267 462 2320 motus
492 2268 783 2342 statusque
806 2270 1106 2324 mutantur.
1194 2266 1336 2329 103.
1378 2263 1467 2321 Ex
1482 2262 1683 2341 quibus
1712 2261 1852 2321 illud
1876 2258 2047 2319 iutel-
2088 2319 2099 2322 ,

61 2337 257 2421 ligitur,
297 2347 388 2422 (ut
418 2347 493 2405 ad
522 2348 670 2408 offi'ci
700 2352 934 2409 formam
963 2350 1353 2427 revertamur-Q
1381 2348 1663 2429 appetitus
1685 2365 1877 2407 omnes
1894 2362 2047 2427 ,con-

61 2428 344 2491 trahendos
373 2430 765 2512 sedandosque
795 2454 920 2495 esse
947 2436 1405 2512 excitandamque
1426 2432 1955 2505 aniinadversionem
1982 2434 2049 2489 et

63 2511 411 2592 diligentiam,
454 2524 518 2576 ut
545 2538 617 2579 ne
644 2520 779 2599 quid
804 2525 1011 2581 temere
1041 2538 1107 2581 ac
1135 2520 1399 2595 fortuitu,
1436 2518 1842 2579 inconsiderate
1867 2514 2047 2591 negli-

61 2606 353 2679 gemetque
387 2621 637 2680 agamus.
720 2603 926 2684 Neque
956 2607 1100 2666 enim
1127 2606 1206 2666 ita
1233 2606 1483 2683 generati
1519 2623 1555 2663 a
1603 2610 1801 2663 natura
1835 2619 2044 2672 sumus,

63 2688 120 2741 ut
141 2687 214 2746 ad
249 2686 443 2748 ludum
464 2694 524 2747 et
545 2690 723 2750 iocum
752 2692 883 2750 facti
912 2711 1039 2752 esse
1059 2691 1377 2767 videamur,
1420 2686 1577 2770 [sed]
1604 2688 1678 2747 ad
1699 2687 2049 2749 severitatem

61 2771 232 2845 potius
261 2779 321 2833 et
347 2774 423 2832 ad
450 2775 727 2851 quaedam
752 2777 935 2837 studia
967 2777 1220 2855 graviora
1253 2782 1426 2854 atque
1450 2775 1675 2834 maiora.
1756 2772 1928 2834 Ludo
1951 2790 2054 2831 au·-

59 2858 162 2914 tem
191 2863 246 2917 et
269 2858 395 2917 ioco
423 2862 505 2917 uti
529 2857 623 2918 illo
646 2861 869 2936 quidem
895 2860 1052 2936 licet,
1094 2863 1228 2935 sed,
1273 2861 1414 2921 sicut
1449 2878 1644 2921 somno
1677 2863 1737 2920 et
1775 2857 2054 2936 quietibus

61 2941 244 3001 ceteris
259 2985 278 3016 ,
320 2946 443 3002 tu'm
491 2964 664 3023 quum
704 2947 964 3024 gravibus
1008 2948 1283 3024 seriisque
1327 2942 1568 3027 [rebus]
1598 2944 2056 3013 satisfecerimus3

60 3022 344 3105 ipsumque
371 3047 549 3104 genus
573 3031 790 3091 iocandi
820 3051 934 3091 non
959 3034 1241 3113 prpsusum
1269 3051 1454 3111 neque
1494 3031 1909 3105 immodestum,
1951 3027 2056 3088 sed
2174 3094 2183 3103 κ

53 3108 353 3186 ingenuum
379 3120 437 3174 et
463 3117 701 3174 facetum
740 3135 866 3177 esse
914 3118 1098 3178 debet.
1182 3116 1264 3177 Ut
1290 3119 1436 3176 enim
1466 3110 1661 3197 pueris
1682 3134 1799 3175 non
1835 3131 2058 3174 omnem

57 3189 277 3257 ludendi
297 3199 576 3261 licentiam
607 3201 833 3274 damus,
875 3202 979 3262 sed
1018 3223 1143 3266 eam
1176 3222 1322 3280 quae
1353 3202 1425 3262 ab
1466 3201 1716 3262 honestis
1752 3200 2058 3260 actionibus

58 3296 166 3340 non
196 3283 273 3343 sit
303 3282 512 3345 aliena:
558 3286 638 3345 sic
663 3286 720 3345 in
749 3287 873 3367 ipso
901 3288 1024 3347 ioco
1049 3288 1277 3366 aliquod
1311 3286 1474 3367 probi
1496 3287 1687 3365 ingeni
1722 3285 1909 3345 lumen
1943 3284 2061 3345 elu-

55 3373 196 3427 ceat.
251 3369 428 3435 404.
474 3369 699 3450 Duplex
727 3373 952 3432 omnino
979 3366 1069 3432 est
1092 3372 1312 3432 iocandi
1332 3391 1544 3449 genus:
1586 3389 1756 3431 unum
1777 3368 2060 3443 illiberale,

54 3450 346 3531 petulans,
401 3457 774 3535 flagitiosum,
818 3457 1147 3532 obscenum3
1190 3458 1419 3523 alterum
1469 3458 1730 3534 elegans,
1771 3455 2060 3526 urbanum,
2124 3490 2133 3499 ,

55 3536 399 3617 ingeniosum
413 3583 435 3617 ,
472 3540 734 3604 ficetum.
820 3542 949 3614 Quo
990 3560 1198 3623 genere
1243 3560 1360 3604 non
1398 3543 1568 3602 modo
1588 3540 1817 3602 Plautus
1858 3543 2059 3600 noster
