2417 3967
312 256 400 320 82
730 226 1261 318 CICERoles
1301 254 1420 354 ue
1465 213 1891 339 oremus

249 420 260 431 ·
310 406 620 469 vidoemtar
662 410 846 471 utilio.
935 407 1101 471 Nihil
1141 429 1264 469 wo
1320 411 1455 471 utile
1509 406 1649 489 quod
1695 431 1800 471 non
1824 397 1989 470 'idem
2050 411 2322 487 lamam,

307 495 447 555 nihil
486 495 754 571 honestum
797 495 935 576 quod
960 517 1064 556 non
1088 497 1227 556 idem
1259 497 1393 555 utile
1441 499 1515 555 sit
1530 539 1550 571 ,
1591 517 1762 576 saepe
1790 502 2075 572 testatur,
2139 506 2322 575 negat-

310 601 423 660 que
449 582 617 642 ullam
635 589 836 660 pestem
862 586 1122 642 maiorem
1135 586 1195 641 in
1217 585 1394 643 vitam
1421 582 1684 643 hominum
1711 585 1974 643 invasisse
1987 626 2006 656 ‚
2053 602 2216 661 quam
2244 603 2319 641 eo-

309 685 429 726 rum
466 669 776 745 opinionem,
812 672 907 747 qui
932 672 1042 728 ista
1075 668 1445 727 distraxerint.
1529 668 1733 746 Itaque
1756 689 1895 743 non,
1939 674 2004 726 ut
2034 669 2322 745 aliquando

308 759 777 835 anteponeremus
808 753 965 814 utilia
1010 752 1288 827 honestis,
1334 755 1438 813 sed
1481 760 1548 812 ut
1582 773 1651 813 ea
1683 755 1804 815 sine
1830 772 2025 814 errore
2063 754 2324 812 diiudica-

183 847 192 855 ‘
307 857 509 916 remus»,
553 839 600 896 si
631 840 859 918 quando
890 840 1234 914 incidissent,
1271 839 1490 901 induxit
1519 856 1660 913 eam,
1681 858 1848 938 quae
1869 839 2162 899 videretur
2194 856 2321 910 ωε,

305 942 423 985 non
462 944 608 1002 quae
646 932 828 999 esset,
881 926 1330 1003 repugnantiam.
1414 924 1580 985 Hanc
1620 898 1790 1001 igitur
1822 928 2045 1004 partem
2084 923 2320 983 relictam

305 1009 650 1088 explebimus
679 1011 842 1071 nullis
882 1010 1261 1083 adminiculi&
1316 1011 1452 1084 sed,
1506 1015 1572 1070 ut
1605 1010 1834 1085 dicitur,
1890 1008 2084 1068 Marte
2118 1016 2320 1068 nostro.

304 1093 511 1172 Neque
531 1096 680 1159 enim
710 1096 1016 1173 quidquam
1042 1103 1129 1155 est
1150 1097 1225 1156 de
1248 1095 1353 1155 hac
1380 1100 1545 1174 parte
1571 1101 1700 1173 post
1725 1095 2066 1159 Panaetium
2090 1093 2322 1174 expliea-

302 1186 441 1255 tum,
485 1181 641 1258 quod
663 1182 893 1259 quidem
919 1181 1051 1240 mihi
1076 1181 1449 1265 probaretur
1441 1181 1556 1241 de
1542 1183 1640 1255 iis,
1685 1199 1831 1258 quae
1856 1181 1920 1239 in
1948 1197 2154 1239 manus
2178 1196 2321 1240 mem

302 1265 571 1325 venerint.
634 1324 637 1330 Δ

431 1350 578 1410 Vm.
623 1348 725 1415 35.
770 1348 959 1420 Quum
997 1351 1167 1428 igitur
1208 1349 1395 1450 aliqua
1430 1350 1642 1428 speeies
1681 1348 1932 1409 utilitatis
1966 1350 2194 1410 obieeta
2227 1355 2322 1436 est,

303 1438 638 1496 commoveri
666 1455 893 1496 necesse
920 1444 1025 1498 est.
1110 1436 1231 1495 Sed
1251 1437 1335 1535 ‚⁸³²
1378 1454 1548 1512 quum
1573 1435 1813 1509 animum
1840 1436 2177 1509 attenderis,
2217 1432 2324 1493 tur-

298 1522 614 1601 pitudinem
641 1522 834 1581 videas
859 1523 1181 1581 adiunctam
1217 1522 1266 1582 ei
1303 1520 1420 1596 rei,
1462 1534 1610 1597 quae
1635 1512 1875 1599 speeiem
1905 1521 2163 1579 utilitatis
2187 1527 2323 1580 attu—

299 1604 457 1667 lerit:
504 1613 623 1666 tum
657 1625 772 1665 non
801 1607 1019 1681 ‘utilitas
1046 1605 1413 1683 relinquenda
1441 1612 1527 1664 est
1543 1649 1562 1680 ‚
1604 1607 1709 1664 sed
1730 1605 2190 1682 intelligendum,
2230 1603 2321 1663 ubi

219 1714 224 1717 ·
299 1691 586 1772 turpitudo
625 1693 735 1766 sit,
778 1693 857 1751 ibi
888 1693 1181 1751 utilitatem
1214 1710 1344 1767 esse
1380 1709 1495 1749 non
1521 1709 1706 1767 posse.
1791 1691 1968 1760 Quod
1991 1692 2041 1750 si
2073 1689 2215 1749 nihil
2241 1693 2321 1749 est

298 1784 415 1836 tam
444 1783 644 1836 eontra
668 1782 924 1836 naturam
947 1796 1118 1853 quam
1147 1775 1432 1853 turpitudo
1445 1819 1467 1850 ,
1509 1774 1695 1850 (recta
1719 1775 1867 1835 enim
1896 1782 1956 1835 et
1985 1777 2319 1836 convenien-

298 1862 380 1920 tia
418 1869 479 1931 et
509 1863 821 1921 constantia
846 1867 1046 1921 natura
1083 1862 1366 1920 desiderat
1391 1867 1834 1940 aspernaturque
1861 1861 2201 1938 contrarim)
2236 1879 2321 1919 m-

296 1945 487 2024 hilque
534 1953 648 2005 tam
692 1949 996 2007 secundum
1036 1952 1293 2005 naturam
1326 1965 1496 2024 quam
1531 1946 1772 2005 utilitas.
1831 1952 1985 2005 certe
2024 1947 2086 2006 in
2127 1948 2319 2008 eadem

201 2024 218 2029 ⁶
277 2050 363 2091 ·re
394 2022 610 2091 utilitas
633 2038 694 2091 et
715 2033 1003 2110 turpitudo
1032 2051 1154 2091 esse
1184 2051 1302 2090 non
1327 2037 1535 2110 potest.
1603 2030 1861 2108 Itemque
1883 2032 1933 2089 si
1957 2033 2038 2090 ad
2058 2033 2318 2092 honesta·

279 2116 413 2189 'tem
442 2117 564 2175 nati
590 2136 810 2191 ειιιιιιιε,
854 2136 1033 2193 eaque
1070 2122 1166 2175 aut
1187 2116 1312 2185 sola
1341 2117 1681 2195 exspetenda
1721 2122 1842 2191 est,
1860 2121 1954 2175 ut
1978 2117 2209 2177 Zenoni
2241 2115 2320 2174 vi-

191 2236 197 2242 ·
272 2218 422 2263 ἐιιιιι
453 2207 577 2274 est,
622 2206 723 2261 aut
749 2207 901 2267 eerte
923 2203 1073 2260 omni
1104 2202 1359 2279 pondere
1387 2204 1631 2279 gravior
1639 2159 1935 2274 haben'da,
1988 2221 2165 2279 quam
2200 2200 2318 2260 reli-

296 2305 409 2364 qua
435 2287 643 2362 omnia,
686 2287 839 2364 quod
869 2286 1154 2349 Aristoteli
1182 2287 1393 2364 placet:
1437 2293 1796 2361 necesse-est,
1838 2286 1996 2364 quod
2024 2288 2317 2347 honestum

289 2371 397 2445 sit,
434 2373 495 2430 id
523 2391 648 2433 esse
670 2379 769 2430 aut
789 2370 967 2431 solum
994 2379 1093 2430 aut
1116 2391 1390 2443 summum
1422 2373 1657 2445 bonum3
1701 2373 1857 2449 quod
1881 2377 2072 2432 autem
2091 2373 2317 2444 bonum,

294 2456 545 2525 id‘oerte
577 2456 744 2517 utile:
799 2459 879 2515 ita
923 2457 1199 2534 quidquid
1237 2457 1564 2531 honestum,
1619 2458 1678 2515 id
1716 2457 1868 2518 utile.
1965 2459 2073 2523 86.
2132 2459 2319 2529 Quare

181 2548 190 2563 ⁸
296 2561 453 2602 error
477 2542 757 2603 hominum
785 2561 902 2600 non
927 2543 1262 2620 proborum,
1307 2552 1481 2620 quum
1490 2541 1752 2620 aliquid,
1796 2543 1952 2620 quod
1979 2543 2119 2602 utile
2144 2543 2317 2601 visun

294 2632 419 2702 est,
475 2627 737 2706 arripuit,
796 2628 855 2685 id
905 2628 1168 2685 continuo
1213 2629 1459 2688 secernit,
1498 2629 1573 2688 ab
1609 2628 1863 2687 honesto.
1946 2627 2104 2687 Hinc
2156 2629 2315 2700 sicae,

290 2711 419 2771 hinc
446 2731 681 2785 venena,
715 2712 853 2773 ·hinc
879 2711 1020 2771 falsa
1047 2717 1381 2773 testamenta
1410 2718 1753 2786 nascuntur3‘
1781 2712 1914 2771 hinc
1951 2714 2124 2789 furta,
2149 2731 2319 2793 pecu·

289 2794 455 2871 latae,
478 2798 841 2876 expilationes
865 2798 1317 2877 direptionesque
1330 2800 1605 2859 sociorum
1626 2803 1691 2858 et
1715 2799 1951 2870 civium3
1992 2798 2125 2859 hine
2151 2814 2315 2878 opum

241 2930 246 2931 ff
289 2883 583 2941 nimiarum
608 2885 894 2961 potentiae
926 2900 1041 2940 non
1078 2885 1381 2957 ferendae,
1422 2889 1707 2963 postremo
1739 2884 1908 2942 etiam
1935 2884 1996 2941 in
2021 2884 2217 2944 liberis
2240 2882 2315 2941 ci-

289 2967 553 3026 vitatibus
585 2969 860 3044 regnandi
892 2969 1161 3043 exsistunt
1192 2971 1559 3048 cupiditates,
1598 2969 1797 3046 quibus
1815 2968 1961 3027 'nihil
1988 2988 2098 3030 nee
2117 2968 2313 3029 tetrius

286 3070 393 3113 nec
417 3053 633 3111 foedius
659 3054 964 3129 excogitari
994 3059 1199 3133 potest.
1284 3055 1681 3114 Emolumenta
1710 3055 1859 3113 enim
1892 3074 2097 3127 rerum
2111 3054 2317 3114 fallaci·

227 3140 232 3145 ’
285 3137 392 3197 bus
418 3138 632 3197 iudiciis
667 3140 888 3211 vident3
931 3159 1207 3218 poenam,
1250 3160 1365 3201 non
1390 3143 1516 3201 dico
1541 3141 1761 3217 legum,
1804 3157 1946 3216 quas
1972 3158 2149 3221 saepe
2186 3157 2313 3218 per·

284 3228 576 3302 rumpunt,
632 3224 733 3282 sed
772 3225 948 3301 ipsius
990 3226 1347 3305 turpitudinis
1365 3269 1383 3300 ,
1435 3245 1581 3304 quae
1619 3225 1974 3284 acerbissima
2008 3233 2100 3285 est
2120 3268 2139 3299 ‚
2201 3241 2313 3282 nou

282 3308 493 3367 vident.
582 3310 686 3372 37.
732 3308 919 3376 Quam
959 3309 1032 3368 ob
1079 3331 1198 3369 rem
1244 3312 1350 3371 hoc
1388 3313 1618 3389 quidem
1662 3310 2093 3370 deliberantium
2130 3324 2312 3387 genus

282 3391 522 3471 pellatur
550 3414 584 3454 e
616 3394 836 3465 medio,
880 3395 1000 3466 (est
1040 3397 1188 3455 enim
1229 3402 1407 3456 totum
1434 3396 1758 3457 sceleratum
1783 3401 1847 3455 et
1884 3396 2175 3475 impium,)
2220 3392 2313 3471 qui

283 3477 622 3551 deliberant,
668 3483 852 3555 utrum
895 3480 955 3536 id
991 3487 1298 3556 ¹:sequantur
1338 3484 1490 3558 quod
1543 3482 1840 3541 honestum
1886 3501 2016 3543 esse
2064 3480 2311 3551 videant,

282 3578 357 3637 an
381 3559 444 3622 se
473 3564 710 3625 scientes
742 3563 947 3653 scelere
972 3567 1380 3627 contaminent:
1424 3568 1488 3627 in
1504 3569 1638 3647 ‘ipsa
1665 3565 1815 3650 enim
1843 3566 2202 3656 dubitatione
2230 3565 2309 3623 fa-
