2417 3967
567 216 572 223 ²
619 249 799 317 L113.
843 252 891 315 1.
976 247 1171 315 cAP.
1217 234 1317 317 16.
1362 252 1462 319 17.
1508 251 1611 315 18.
2038 250 2124 320 ιι
2156 250 2187 311 ·.

102 398 168 466 fit
191 424 297 467 eos
325 398 651 483 diligamus,
692 409 754 468 in
775 409 1141 489 quibusipsa
1174 408 1363 471 inesse
1399 405 1684 481 rideatur:
1722 408 1917 464 tamen
1955 404 2116 471 iusti-

91 493 181 552 tia
208 498 271 553 et
294 491 595 552 liberalitas
629 496 691 554 id
728 496 964 560 maxime
1003 495 1191 555 efficit.
1277 492 1432 553 Nihil
1471 497 1659 553 autem
1699 496 1789 551 est
1824 489 2110 551 amabilius

87 596 210 643 nec
253 577 567 657 copulatius
613 599 782 657 quam
831 601 1047 640 morum
1084 580 1387 639 similitudo
1430 574 1868 638 bonorum.1n
1910 576 2109 653 quibus

93 665 255 725 enim
283 663 482 725 eadem
504 664 689 724 studia
713 671 875 739 sunt,
916 668 1146 726 eaedem
1174 665 1509 744 voluntates,
1550 665 1610 724 in
1632 663 1720 722 his
1747 659 1813 720 fit
1841 666 1906 719 ut
1928 679 2109 738 aeque

92 749 349 829 quisque
372 747 550 809 altero
574 750 879 811 delectetur
903 771 969 810 ac
993 771 1057 811 se
1073 752 1219 831 ipso,
1248 751 1594 838 efficiturque
1622 748 1700 825 id,
1728 746 1883 824 quod
1897 745 2107 823 Pytha-

75 853 272 915 ,goras
298 833 448 892 vult·
433 855 491 893 ιιι
517 835 794 913 amicitia,
834 842 898 896 ut
925 857 1065 895 unus
1105 837 1206 895 fiat
1251 856 1321 898 ex
1343 826 1611 915 pluribus·
1695 831 1908 910 Magna
1936 832 2107 892 etiam

90 921 195 982 illa
208 920 577 980 communitas
615 909 733 995 est,
776 941 921 1000 quae
948 922 1236 982 conficitur
1266 942 1333 983 ex
1358 921 1640 981 beneficiis
1664 918 1810 977 ultro
1839 918 1977 977 citro
1998 917 2107 999 da-

87 1008 168 1067 tis
196 1005 475 1083 acceptis·
462 1049 479 1078 ‚
521 1026 670 1084 quae
696 1013 756 1066 et
780 1011 974 1067 mutua
1003 1013 1062 1067 et
1097 1012 1260 1085 grata
1289 1009 1420 1067 dum
1459 1012 1591 1065 sunt
1603 1048 1622 1079 ,
1664 1005 1814 1063 inter
1853 1022 1992 1081 quos
2036 1020 2108 1062 ea

88 1086 269 1163 sunt,
310 1089 471 1150 firma
498 1092 881 1152 devinciuntur
917 1093 1199 1153 societate.
1284 1092 1384 1160 57.
1430 1093 1549 1152 Sed
1588 1110 1760 1169 quum
1797 1089 1982 1149 omnia
2014 1106 2108 1147 ra-

83 1179 260 1241 tione
282 1176 580 1255 animoque
606 1177 886 1238 lustratis:
930 1181 1173 1239 omnium
1203 1180 1535 1239 societatum
1571 1176 1721 1236 nulla
1748 1172 2107 1252 est‘gravior,

63 1261 253 1343 ‚nnlla
280 1261 492 1341 carior,
530 1282 701 1341 quam
727 1282 824 1338 ea,
868 1283 1014 1341 quae
1054 1285 1176 1324 cum
1217 1285 1279 1325 re
1300 1264 1519 1344 publica
1560 1268 1648 1323 est
1672 1261 1968 1338 unicuique
1998 1274 2107 1318 no-

81 1356 297 1410 strum.
382 1345 516 1427 Cari
540 1354 673 1407 sunt
702 1353 962 1428 parentes
977 1393 997 1424 ,
1040 1350 1152 1409 cari
1171 1349 1328 1410 liberi
1342 1395 1361 1426 ‚
1403 1349 1736 1429 propinqui,
1777 1344 2102 1417 familiares3

61 1435 201 1514 ‚sed
225 1450 422 1492 omnes
459 1434 716 1493 omnium·
728 1434 984 1495 caritates
1025 1435 1208 1514 patria
1246 1456 1358 1495 una
1385 1433 1670 1513 complexa
1697 1437 1815 1491 est:
1856 1450 1959 1510 pro
1989 1449 2103 1507 qua

79 1519 223 1601 quis
251 1518 431 1577 bouus
457 1519 678 1580 dubitet
701 1524 939 1580 mortem
961 1524 1264 1599 oppetere,
1305 1521 1355 1580 si
1391 1520 1443 1579 ei
1467 1520 1542 1578 sit
1564 1514 1953 1597 profuturus?
1969 1514 2101 1584 Quo

25 1602 26 1605 ¹
78 1610 180 1668 est
212 1604 596 1666 detestabilior
616 1603 850 1665 istorum
880 1605 1215 1681 immanitas»,
1257 1606 1352 1683 qui
1376 1604 1690 1663 lacerarunt
1714 1603 1867 1661 omni
1894 1600 2102 1662 scelere

73 1688 350 1774 patriam
381 1693 443 1749 et
478 1690 537 1748 in
571 1707 641 1750 ea
677 1691 930 1750 funditus
968 1689 1206 1751 delenda
1239 1689 1494 1770 occupati
1538 1694 1597 1749 et
1619 1692 1749 1746 sunt
1771 1691 1829 1745 et
1855 1683 2099 1746 fuerunt.
2186 1718 2203 1733 ε

76 1777 196 1847 58.
243 1774 364 1834 Sed
393 1774 440 1833 si
468 1777 749 1837 contentio
771 1776 1047 1854 quaedam
1075 1782 1135 1836 et
1161 1775 1500 1856 comparatio
1524 1774 1659 1846 fiat,
1700 1771 1900 1850 quibus
1926 1769 2100 1851 pluri-

73 1879 250 1925 mum
280 1858 635 1920 tribuendum
675 1860 751 1920 sit
794 1861 975 1920 offici.
1025 1859 1303 1941 principes
1347 1861 1461 1920 sint
1495 1858 1678 1940 patria
1716 1863 1777 1918 et
1811 1856 2099 1937 parentes,

72 1964 334 2028 quorum
375 1945 655 2006 beneficiis
693 1947 940 2007 maximis
967 1947 1202 2025 obligati
1227 1966 1451 2020 sumus;
1490 1945 1724 2026 proximi
1766 1942 1927 2004 liberi
1950 1947 2133 2004 tota-1

73 2052 206 2114 que
239 2032 437 2090 domus
454 2074 474 2105 ,
517 2048 663 2109 quae
686 2032 949 2111 spectat
932 2052 991 2090 ιιι
1023 2053 1125 2093 nos
1151 2032 1301 2093 solos
1323 2053 1509 2110 neque
1530 2031 1684 2092 aliud
1708 2029 1876 2089 ullum
1909 2034 2103 2111 potest

68 2120 304 2181 habere
336 2117 686 2197 perfugium3
728 2117 989 2216 deinceps
1020 2119 1163 2179 bene
1196 2118 1584 2178 convenientes
1605 2116 1934 2196 propinqui,
1976 2116 2102 2193 qui

66 2207 327 2266 buscum
353 2202 658 2262 communis
685 2202 855 2264 etiam
877 2204 1100 2265 fortuna
1120 2202 1464 2302 plerumque
1474 2207 1581 2265 est.
1669 2200 1856 2270 Quam
1883 2201 1957 2260 ob
1981 2194 2107 2273 rem'

63 2287 409 2352 necessaria
448 2279 729 2367 praesidia
749 2288 897 2349 vitae
921 2289 1241 2349 debentur
1225 2290 1292 2346 iis
1320 2289 1594 2362 maxime,
1636 2304 1778 2364 quos
1799 2290 1933 2345 ante
1957 2286 2103 2357 dixi,

63 2377 199 2438 vita
214 2377 410 2433 autem
431 2374 1050 2452 victusqueeommunis,
1064 2373 1312 2448 consilia,
1339 2390 1642 2445 sermones,
1672 2370 2123 2446 cohortationes„

64 2458 522 2532 consolationes,
543 2459 824 2519 interdum
839 2459 1004 2519 etiam
1019 2459 1432 2537 obiurgationes
1445 2460 1503 2518 in
1518 2456 1769 2517 amicitiis
1779 2455 1971 2533 vigent
1985 2475 2117 2525 ma-⁴

61 2548 255 2619 xime,
285 2550 486 2620 estque
498 2564 566 2603 ea
576 2545 969 2604 iucundissima
980 2545 1233 2620 amicitia,
1258 2564 1421 2623 quam
1436 2542 1731 2603 similitudo
1744 2560 1961 2602 morum
1970 2562 2106 2602 con-

59 2630 320 2710 iugavit.
387 2629 593 2693 XVIU
621 2629 723 2695 59.
752 2630 912 2713 Sed‘
896 2649 955 2688 ιιι
980 2630 1064 2689 his
1091 2631 1345 2690 omnibus
1362 2631 1559 2690 officiis
1574 2626 1881 2688 tribuendis
1908 2627 2102 2689 videm·
2214 2670 2233 2682 .

61 2720 223 2779 dum
253 2713 394 2787 erit,
427 2710 575 2791 quid
599 2716 802 2792 cuique
822 2716 1057 2776 maxime
1085 2735 1317 2777 necesse
1343 2717 1448 2789 sit,
1497 2715 1715 2792 etquid
1748 2715 1987 2791 quisque
2010 2712 2099 2773 vel

59 2806 209 2864 siue
238 2796 405 2860 nobis
437 2806 532 2859 aut
559 2801 737 2878 possit
777 2801 1043 2879 consequi
1089 2807 1185 2860 aut
1222 2821 1339 2861 non
1366 2801 1565 2881 possit.
1649 2799 1738 2859 Ita
1770 2817 1886 2858 non
1929 2799 2099 2859 iidem

57 2891 250 2950 erunt
287 2885 756 2947 necessitudinum
798 2888 1007 2963 gradus
1027 2930 1043 2960 ,
1100 2889 1197 2964 qui
1234 2893 1576 2985 temporum·
1563 2926 1581 2959 ‚
1622 2890 1863 2962 suntque
1898 2886 2102 2960 officia,

55 2990 235 3053 quae
257 2970 386 3031 aliis
411 2970 591 3047 magis
620 2989 788 3047 quam
815 2970 935 3030 aliis
966 2972 1303 3032 debeantur.
1346 2978 1409 3031 ut
1432 2972 1666 3032 vicinum
1692 2971 1852 3030 citius
1876 2972 2103 3031 adiuve-

53 3062 150 3120 ris
187 3056 254 3114 in
283 3056 550 3115 fructibus
584 3056 952 3143 percipiendis
999 3076 1164 3134 quam
1197 3061 1295 3115 aut
1334 3058 1561 3118 fratrem
1606 3061 1711 3115 aut
1742 3057 2067 3118 familiarem
2084 3074 2118 3128 ς’

53 3151 165 3219 at,
217 3142 271 3200 si
299 3139 410 3199 lis
396 3159 452 3199 ιιι
475 3136 677 3199 iudicio
699 3142 809 3215 sit,
849 3143 1222 3242 propinquum
1248 3143 1436 3222 potius
1468 3148 1527 3203 et
1562 3142 1797 3203 amicum
1824 3162 1992 3220 quam
2016 3144 2104 3203 vi·

64 3230 286 3291 einum
330 3225 664 3285 defenderis.
745 3227 916 3287 Haec
946 3228 1116 3304 igitur
1152 3233 1208 3286 et
1261 3227 1397 3287 talia
1446 3228 1934 3308 circumspicienda
1974 3232 2113 3288 sunt

48 3315 123 3375 in
188 3308 354 3370 omni
391 3310 576 3371 officio
631 3308 729 3392 [et
782 3313 1123 3372 consuetudo
1174 3314 1602 3393 exercitatioque
1658 3313 1951 3391 capienda]
1972 3356 1993 3386 ,
2041 3317 2107 3375 ut

52 3399 220 3461 boni
241 3394 664 3456 ratiocinatores
690 3397 996 3457 officiorum
1027 3417 1151 3458 esse
1174 3398 1482 3476 possimus,
1524 3405 1583 3459 et
1625 3399 1890 3458 addendo
1927 3399 2106 3457 dedu·
2162 3454 2171 3457 -

49 3483 389 3559 cendoqne
430 3480 622 3541 videre
664 3501 809 3559 quae
848 3481 1044 3559 reliqui
1081 3502 1299 3542 summa
1344 3484 1478 3560 fiat3
1521 3500 1589 3542 ex
1636 3502 1781 3560 quo,
1838 3488 2107 3560 quantum

47 3572 286 3652 cuique
297 3565 595 3644 debeatur,
619 3566 916 3647 intelligas.
961 3572 1063 3636 60.
1083 3569 1204 3631 Sed
1217 3574 1278 3630 ut
1289 3588 1396 3631 nec
1407 3568 1606 3631 medici
1625 3587 1729 3629 nec
1738 3568 2106 3685 imperatores
