2417 3967
370 299 452 386 j
546 313 850 379 mm
890 274 1657 385 οΑΡ.33.33..’34-’
1874 318 2173 393 ,sesx

46 465 203 531 fidem
220 513 241 547 ,
281 444 710 557 liberalitatem,
763 471 1126 547 modestiam,
1183 454 1605 551 temperantiam
1621 512 1642 551 ‚
1700 486 1819 549 quo·
1855 469 2036 531 minus

47 554 116 614 ab
150 572 218 615 ee
246 556 336 630 id,
381 544 536 635 quod
561 558 742 633 desit,
789 556 1120 634 requiratur.
1206 556 1438 637 Optima
1466 562 1654 618 autem
1691 555 1973 617 hereditas
2001 574 2039 615 a
2064 608 2069 615 ,

44 640 285 718 patribus
306 643 548 702 traditur
568 641 754 703 liberis
795 640 1057 719 omnique
1090 642 1429 721 patrimonio
1463 641 1837 723 praestantior
1861 639 2041 718 gloria

45 724 255 785 virtutis
277 740 570 805 rerumque
592 733 908 807 gestarum.
950 727 1039 786 cui
1069 726 1332 791 dedecori
1359 746 1485 789 esse
1508 729 1668 841 nefas
1703 732 1762 788 et
1809 725 2040 806 impium
2146 790 2159 796 ,
2267 806 2271 815 .
2350 714 2353 733 “

45 807 388 871 iudicandum
416 818 517 873 est.

155 895 428 958 XXXIV.
474 900 615 962 122.
641 896 718 957 Ει
733 897 998 976 quoniam
1022 895 1209 958 officia
1234 915 1351 959 nou
1378 897 1579 959 eadem
1606 895 1921 978 disparibus
1941 910 2040 955 ae·

46 980 245 1041 tatibus
275 982 625 1059 tribuuntur,
669 982 889 1063 aliaque
911 982 1072 1042 sunt
1057 1001 1323 1044 iuvenum
1343 983 1452 1044 alia
1480 982 1790 1044 seniorum.
1829 980 2039 1058 aliquid

45 1065 208 1127 etiam
236 1068 315 1128 de
337 1068 442 1128 hac
470 1068 822 1128 distinctione
848 1068 1144 1129 dicendum
1167 1074 1274 1130 est.
1357 1068 1466 1128 Est
1488 1068 1657 1145 igitur
1672 1066 2038 1127 adnleseentia

47 1151 278 1214 maiores
310 1158 451 1212 natu
488 1154 669 1214 vereri
709 1172 891 1232 exque
923 1154 991 1213 iis
1036 1152 1283 1231 deligere
1326 1155 1570 1234 optimos
1610 1159 1671 1213 et
1706 1150 2040 1251 probatissi-
2080 1222 2105 1235 κ

43 1253 160 1296 mos
174 1281 192 1314 ‚
236 1256 475 1337 quorum
500 1238 731 1299 consilio
754 1245 924 1318 atque
949 1240 1281 1301 auctoritate
1306 1240 1535 1300 nitatur.
1612 1238 1866 1300 ineuntis
1892 1237 2042 1298 enim

43 1322 243 1383 'aetatis
281 1323 503 1384 inscitia
540 1342 734 1385 senum
769 1324 1160 1384 constituenda
1199 1330 1259 1385 et
1296 1310 1549 1402 teg'enda
1587 1323 1886 1403 prudentia
1930 1328 2041 1382 est.

46 1403 290 1469 Maxime
311 1414 498 1469 autem
525 1408 666 1469 haee
690 1414 849 1469 aetas
877 1426 914 1467 a
939 1407 1258 1468 libidinibus
1294 1409 1538 1470 arcenda
1582 1415 1672 1469 est
1705 1407 2042 1469 exercenda-

43 1510 151 1569 que
180 1495 246 1554 in
268 1492 463 1554 labore
485 1492 862 1573 patientiaque
887 1498 946 1552 et
974 1494 1143 1554 animi
1167 1500 1227 1553 et
1248 1495 1495 1573 eorporis
1509 1535 1530 1568 ,
1570 1498 1634 1568 ut
1662 1511 1853 1553 eorum
1889 1498 1948 1552 et
1983 1492 2044 1551 in

44 1575 254 1639 bellicis
272 1579 417 1640 etin
434 1577 681 1639 civilibus
710 1576 908 1639 officiis
932 1578 1117 1656 vigeat
1131 1578 1417 1638 industria.
1470 1576 1659 1656 Atque
1683 1579 1851 1639 etiam
1871 1574 2045 1655 quum
2150 1632 2171 1642 ι

42 1660 292 1725 relaxare
320 1664 535 1724 animos
570 1669 628 1724 et
648 1665 784 1724 dare
809 1683 874 1724 se
897 1663 1223 1724 iucunditati
1253 1664 1468 1724 volent:
1517 1669 1753 1723 caveant
1768 1664 2046 1741 intempe-

42 1749 310 1825 rantiam,-
349 1749 698 1810 meminerint
717 1748 1114 1825 verecundiae}
1154 1749 1312 1828 quod
1340 1749 1448 1810 erit
1469 1746 1702 1823 facilius,
1729 1749 1783 1821 si
1808 1748 1870 1808 in
1899 1747 2047 1808 eius-
2118 1759 2131 1763 ”

43 1833 201 1894 modi
230 1834 459 1913 quidem
486 1834 652 1894 rebus
685 1834 921 1896 maiores
953 1841 1090 1894 natu
1126 1835 1297 1895 velint
1323 1836 1610 1896 interesse.
1696 1834 1840 1902 128,
1882 1833 2048 1894 Seni·

42 1919 149 1979 bus
177 1927 369 1980 autem
391 1919 612 1979 labores
638 1919 885 1999 corporis
910 1919 1216 1996 minuendi,
1245 1920 1660 1982 exercitationes
1680 1919 1854 1985 animi
1879 1918 2048 1979 etiam

45 2006 346 2083 augendae
370 2006 666 2079 videntur3
709 2005 898 2065 danda
931 2022 1063 2066 vero
1082 2002 1289 2085 opera,
1331 2012 1397 2066 ut
1435 2009 1496 2067 et
1527 2005 1734 2067 amieos
1766 2009 1826 2066 et
1853 2005 2050 2065 iuven-
2146 2006 2155 2011 “

45 2096 233 2151 tutem
259 2096 324 2152 ¹et
349 2091 586 2150 maxime
611 2107 729 2150 rem
749 2089 1025 2170 publicam
1051 2090 1279 2151 consilio
1305 2096 1367 2152 et
1401 2089 1700 2170 prudentia
1730 2108 1898 2169 quam
1918 2088 2051 2170 'plu-

45 2176 254 2237 rimum
271 2175 550 2236 adiuvent.
631 2173 786 2237 Nihil
820 2180 1012 2234 autem
1054 2176 1239 2252 magis
1282 2176 1589 2236 cavendum
1628 2180 1722 2236 est
1758 2175 2053 2250 senectuti,

45 2278 224 2341 quam
264 2279 339 2321 ne
378 2260 634 2338 languori
659 2279 723 2322 se
761 2259 1122 2337 desidiaeque
1157 2259 1345 2320 dedat.
1425 2258 1672 2321 Luxuria
1701 2278 1838 2320 vero
1881 2279 2054 2340 quum

46 2349 209 2408 omni
250 2346 422 2405 aetati
460 2346 679 2426 turpis,
730 2352 850 2405 tum
889 2345 1159 2405 senectuti
1180 2343 1506 2405 foedissima
1534 2350 1638 2405 est.
1721 2344 1825 2405 Sin
1864 2352 2054 2406 antem

48 2434 227 2492 etiam
245 2429 529 2492 libidinum
545 2430 969 2510 intemperantia
980 2430 1300 2491 accesserit.
1325 2429 1530 2509 duplex
1544 2427 1745 2490 malum
1762 2435 1873 2506 est,
1898 2431 2055 2508 quod

50 2525 108 2577 et
131 2520 270 2599 ipsa
284 2522 537 2576 senectus
562 2516 805 2576 dedecus
829 2515 1068 2596 concipit
1078 2521 1138 2576 et
1161 2514 1734 2578 facitadelescentium
1756 2517 2057 2597 impuden
2056 2514 2069 2528 '

52 2604 264 2666 tiorem
285 2601 782 2682 intemperantiam.

189 2684 337 2755 124
392 2684 476 2746 Ac
500 2705 573 2747 ne
604 2685 738 2746 illud
777 2685 1005 2765 quidem
1043 2684 1289 2747 alienum
1325 2692 1447 2762 est,
1506 2684 1581 2746 de
1615 2684 2061 2764 magistratuum,

56 2774 129 2834 de
175 2773 557 2853 privatorum,
628 2772 708 2835 de
744 2773 937 2832 civium
958 2814 979 2850 ,
1048 2771 1123 2832 de
1155 2772 1575 2852 peregrinorum
1613 2770 1808 2833 offidis
1854 2772 2060 2832 dicere.

56 2859 167 2919 Est
211 2858 382 2935 igitur
422 2856 710 2937 proprium
742 2875 943 2918 munus
983 2858 1340 2934 magistratus
1380 2856 1730 2936 intelligere,
1772 2874 1837 2916 se
1862 2875 2062 2934 gerere

58 2958 364 3024 personam
389 2942 626 3003 civitatis
645 2942 963 3021 debereque
987 2943 1107 3002 eius
1133 2942 1463 3020 dignitatem
1485 2949 1544 3002 et
1569 2943 1739 3003 decus
1767 2943 2062 3018 sustinere,
2084 2952 2095 2957 “

60 3044 293 3090 ιρι-ναῖε
322 3026 511 3105 leges,
550 3028 672 3087 iura
693 3027 1039 3103 describere,
1081 3046 1151 3088 ea
1187 3026 1321 3100 fidei
1356 3045 1493 3088 suae
1529 3027 1824 3088 commissa
1860 3030 2060 3088 meini-

62 3114 241 3174 sssse.
319 3113 607 3173 Privatum
633 3118 821 3173 antem
846 3118 1071 3193 oportet
1094 3114 1365 3193 aequo-et
1388 3112 1513 3192 pari
1532 3131 1657 3174 cum
1694 3111 1903 3175 civibus
1940 3114 2064 3177 iure
2140 3160 2150 3177 ι

64 3200 276 3273 rivere,
319 3217 503 3277 neque
532 3198 864 3258 submissum
893 3204 951 3258 et
972 3194 1247 3257 abiectum
1262 3215 1445 3275 neque
1468 3216 1536 3258 se
1560 3199 1919 3274 efferenternz
1940 3205 2063 3261 tum

66 3306 112 3346 ιι
145 3302 218 3344 re
241 3283 464 3362 publica
486 3302 556 3344 ea
584 3282 754 3358 velle,
794 3301 942 3362 quae
962 3280 1261 3360 tranquilla
1285 3288 1342 3344 et
1377 3282 1616 3345 honesta
1641 3285 1776 3344 sint.
1861 3283 2066 3346 Talem

66 3368 218 3432 mim
249 3368 495 3428 solemus
535 3375 597 3429 et
631 3368 837 3429 sentire
873 3369 1079 3427 bonum
1107 3367 1284 3427 civem
1317 3373 1379 3427 et
1417 3368 1619 3431 dicere.
1708 3369 1850 3436 125.
1892 3369 2067 3431 Pere-

153 3472 216 3514 m
241 3459 433 3514 autem
455 3461 628 3533 atque
647 3451 863 3514 incolae
887 3452 1130 3515 officium
1150 3458 1242 3514 est
1274 3450 1409 3513 nihil
1430 3458 1651 3533 praeter
1692 3466 1854 3517 suum
1885 3472 2068 3533 nego·

68 3454 214 3609 ΕΜ
241 3557 448 3638 agere,
489 3537 624 3599 nihil
641 3540 722 3600 de
747 3537 856 3600 alio
883 3539 1180 3616 anquirere
1197 3537 1532 3616 minimeque
1558 3557 1684 3600 esse
1705 3539 1764 3599 in
1788 3539 1971 3602 aliena
2002 3558 2068 3601 re

72 3624 297 3701 publiea
324 3624 617 3699 ctu-ioum.
704 3624 793 3686 lta
832 3618 1169 3687 fereofficia
1198 3623 1581 3703 reperientur,
1624 3642 1798 3704 quum
1832 3640 2070 3704 quaere·
