2417 3967
597 277 769 375 Lis.
810 275 910 341 ιιι.
995 271 1191 343 car.
1241 234 1341 343 17.
1391 280 1489 345 18.
1539 246 1639 347 ιιι.
2024 282 2117 348 oa

95 430 174 499 L.
198 375 412 495 Minuci
448 433 655 508 Basili,
696 432 981 515 locupletis
1009 432 1244 492 hominis
1260 476 1280 508 ,
1322 387 1522 497 falsum
1554 410 1947 496 testamentum
1984 435 2109 512 qui·
2158 446 2163 450 ’
2214 426 2218 431 ’
2326 386 2355 414 ί
2404 492 2407 499 ⁴

101 520 246 601 dum
269 541 307 583 e
331 520 571 583 Graecia
604 522 851 597 Romam
879 500 1197 581 attulerunt.
1305 520 1474 589 Quod
1505 540 1617 598 quo
1643 521 1851 581 facilius
1882 521 2106 580 obtine-

95 594 265 678 rent,
309 608 650 685 scripserunt
672 592 905 668 heredes
931 625 1115 687 secum
1145 606 1227 664 M.
1260 607 1533 664 Crassum
1555 612 1614 666 et
1637 607 1710 679 Q.
1725 606 2111 681 Hortensium,

99 691 365 753 homines
406 692 655 752 eiusdem
699 693 900 752 aetatis
940 678 1391 769 Ροιὲιιιίεεὶιιιοες
1453 691 1578 768 qui,
1621 712 1795 769 quum
1830 691 1962 750 illud
2003 690 2110 750 fal-

99 796 234 837 sum
270 796 395 837 esse
433 779 873 856 suspicarentur,
914 778 1018 837 sibi
1058 783 1248 836 autem
1289 776 1488 865 nullius
1531 797 1618 837 ess
1623 784 1720 837 ent
1750 777 1954 835 conscii
1993 775 2111 835 cul-
2144 768 2151 773 ’

99 880 236 943 pac
240 904 263 936 ,
320 862 485 923 alieni
507 863 778 923 facinoris
820 858 1200 922 munusculum
1247 881 1370 919 non
1408 864 1854 940 repudiaverunt.
1914 861 2111 930 Quid

35 965 46 969 “
102 945 297 1025 ergo?
340 949 518 1007 Satin’
525 955 628 1008 -est
663 949 801 1024 hoc,
844 954 905 1007 ut
944 967 1058 1007 non
1091 947 1391 1035 deliquisse
1422 945 1759 1007 videantur?
1809 947 1951 1008 Mihi
1986 945 2111 1024 qui-

33 1074 42 1077 -
103 1034 244 1095 dem
297 1053 415 1095 non
450 1033 722 1110 videtur,
758 1052 1075 1111 quanquam
1110 1024 1371 1093 alterum
1386 1033 1568 1091 vivum
1606 1033 1821 1109 amavi,
1875 1031 2119 1093 alterum·

101 1137 227 1179 non
261 1119 360 1179 odi
387 1126 682 1179 mortuum.
761 1124 870 1184 74.
911 1120 1031 1178 Sed
1059 1137 1244 1195 quum
1272 1117 1487 1179 Basilus
1526 1117 1607 1177 M.
1630 1119 1910 1193 Satrium,
1956 1135 2114 1177 soro-.-

104 1202 190 1264 τίς
223 1203 430 1280 filium,
490 1224 696 1265 nomen
738 1223 898 1264 suum
932 1206 1078 1267 ferre
1101 1203 1393 1277 voluisset,
1437 1224 1676 1281 eumque
1701 1205 1921 1265 fecisset
1949 1203 2113 1263 here-

106 1290 273 1353 dem:
318 1289 493 1362 (hunc
525 1291 651 1365 dico
680 1298 975 1370 patronum
995 1292 1118 1367 agri
1131 1288 1330 1355 Piceni
1362 1296 1422 1350 et
1446 1291 1664 1365 Sabini.
1696 1324 1782 1334 —
1820 1309 1857 1347 o
1890 1295 2127 1367 turpem·
2220 1335 2231 1347 ,

101 1381 308 1441 notam
351 1381 664 1457 temporum
700 1376 984 1450 illoruml)
1039 1394 1171 1433 num
1209 1379 1332 1431 erat
1370 1394 1608 1457 aequum
1644 1376 1922 1453 principes
1963 1375 2115 1437 cives

103 1479 234 1529 tem
257 1460 504 1533 habere,
546 1461 623 1519 ad
651 1461 897 1521 Satrium
923 1457 1059 1518 nihil
1087 1464 1312 1558 praeter
1337 1478 1540 1518 nomen
1581 1458 1918 1541 pervenire?
1973 1459 2117 1518 Ete-

103 1547 232 1611 nim
268 1546 317 1605 si
356 1546 436 1620 is,
477 1546 573 1623 qui
615 1566 732 1605 non
766 1543 1057 1606 defendit
1042 1543 1296 1618 iniuriam
1339 1562 1523 1620 neque
1564 1542 1886 1627 propulsat,
1930 1562 2115 1622 quum

102 1637 340 1715 potest,
371 1632 572 1691 iniuste
595 1632 727 1691 facit
761 1631 892 1706 (ut
877 1650 935 1689 ιιι
960 1630 1142 1708 primo
1180 1628 1321 1691 libro
1358 1628 1642 1704 disserui):
1680 1629 1859 1706 qualis
1901 1629 2115 1690 haben·

107 1718 220 1779 dus
250 1716 379 1776 est
364 1736 447 1791 is,
492 1717 733 1793 quinon
768 1717 939 1775 modo
978 1734 1094 1773 non
1138 1713 1387 1792 repellit,
1428 1715 1534 1773 sed
1559 1716 1727 1774 etiam
1758 1715 1988 1774 adiuvat
2026 1710 2118 1772 iu-
2157 1771 2161 1775 .
2267 1738 2280 1762 x

58 1818 63 1825 '
104 1797 372 1863 iuriam?
395 1800 537 1858 Mihi
575 1802 803 1878 quidem
828 1801 994 1860 etiam
1025 1818 1192 1859 verae
1216 1799 1557 1858 hereditates
1587 1811 1701 1857 non
1739 1799 2006 1859 honestae
2023 1800 2131 1858 vi«

107 1888 359 1960 deutur,
400 1887 448 1944 si
487 1894 618 1945 sunt
655 1887 941 1952 malitiosis
980 1884 1296 1957 blanditiis,
1357 1883 1665 1943 officiorum
1704 1904 1815 1943 non
1858 1886 2115 1958 veritate,

90 1972 225 2037 'sed
267 1970 613 2031 simulatione
645 1972 951 2049 quaesitae.
1051 1969 1228 2047 Atqui
1262 1972 1331 2028 in·
1359 1970 1560 2028 talibus
1591 1970 1758 2046 rrebus
1789 1970 1940 2047 aliud
1980 1962 2119 2030 util‘e

106 2056 415 2129 interdum,
456 2056 608 2116 aliud
640 2057 940 2127 honestum
976 2055 1154 2115 videri
1186 2055 1346 2115 solet.
1432 2053 1533 2119 75.
1576 2054 1776 2114 Falso:
1820 2054 1950 2115 nain
1993 2073 2118 2116 ea-

110 2143 275 2209 dem
314 2141 708 2215 utilitatis,
766 2160 957 2218 quae
999 2141 1423 2200 honestatis
1478 2145 1593 2199 est
1632 2139 1900 2216 regula.
2000 2139 2119 2221 Ωιιὶ

37 2280 50 2285 -
107 2226 227 2289 hoc
263 2245 379 2287 non
408 2227 739 2308 perviderit,
781 2228 853 2286 ab
883 2226 989 2285 hoc
1011 2224 1161 2285 nulla
1186 2225 1337 2285 fraus
1377 2224 1592 2299 aberit,
1637 2225 1855 2287 nullum
1887 2227 2118 2284 facinus.
2164 2288 2179 2299 κ

109 2314 216 2374 Sic
243 2313 393 2373 enim
420 2312 704 2388 cogitanS,
745 2310 858 2371 Est
888 2314 1030 2373 istac
1064 2310 1275 2390 quidem
1312 2310 1601 2385 honestum,-
1630 2330 1810 2369 verum
1835 2310 1930 2369 Ιιοε
1958 2314 2118 2388 expe-

108 2397 225 2472 dit,
266 2416 358 2457 res
385 2415 421 2456 a
447 2403 648 2458 natura
684 2395 974 2476 copulatas
1011 2397 1240 2457 audebit
1285 2406 1474 2456 errore
1509 2395 1794 2469 divellere3
1854 2393 1951 2472 qui
1989 2397 2119 2467 fona

111 2488 207 2545 est
233 2482 541 2559 fraudium,
583 2482 1007 2554 maleficiorum,
1049 2480 1318 2541 scelerum
1350 2482 1613 2540 omnium.
1717 2480 1873 2539 xlx.
1903 2481 2141 2558 {taque‘

116 2568 170 2628 si
199 2568 284 2626 vir
313 2567 492 2625 bonus
523 2565 723 2632 habeat
747 2567 889 2626 hanc
922 2567 1063 2640 vim,
1112 2571 1198 2641 ut,
1244 2566 1292 2624 si
1325 2567 1514 2643 digitis
1541 2567 1944 2645 concrepuerit,
1983 2584 2127 2645 pos*

118 2653 276 2714 sitin
297 2651 652 2732 locupletium
678 2658 1012 2713 testamenta
1049 2672 1265 2711 nomen
1293 2651 1410 2712 eius
1444 2653 1719 2730 irrepere.
1765 2651 1871 2711 hac
1904 2651 1961 2709 vi
2002 2669 2119 2709 non

115 2734 338 2811 utatur,
378 2756 452 2796 ne
492 2738 540 2795 si
568 2737 913 2815 exploratum
940 2738 1164 2816 quidem
1206 2737 1447 2811 habeat,
1491 2737 1548 2795 id
1580 2737 1806 2795 omnino
1840 2734 2121 2796 neminem

117 2841 380 2901 unquam„
403 2821 825 2900 suspicaturum.
911 2823 992 2883 At
1032 2822 1194 2883 dares
1219 2822 1364 2881 hanc
1400 2822 1508 2881 vim
1548 2821 1630 2880 M.
1657 2823 1899 2896 Crasso,
1940 2826 2006 2880 ut
2032 2821 2122 2880 di-

116 2908 363 2988 gitorum
392 2908 749 2986 percussione
778 2908 940 2968 heres
964 2913 1161 2987 posset
1186 2907 1420 2985 scriptus
1452 2927 1595 2982 esse,
1625 2907 1720 2986 qui
1756 2926 1817 2966 re
1844 2925 1980 2966 vera
2005 2924 2133 2966 noir

118 2998 276 3055 esset
300 2992 494 3052 heres·
532 2990 591 3051 in
620 2994 763 3068 foro,
806 2994 974 3054 crede
998 2993 1148 3067 mihi,
1178 2992 1423 3052 saltaret.
1509 2990 1696 3052 Homo
1730 2997 1914 3052 autem
1940 2993 2119 3052 iustus

116 3074 320 3158 isque,
363 3096 530 3155 quem
577 3079 844 3143 sentimus
881 3082 1058 3139 virum
1093 3080 1329 3163 bonum,
1373 3077 1506 3138 nihil
1537 3080 1827 3177 cuiquam,
1873 3079 2078 3155 quod·
2061 3096 2123 3136 ιιι

119 3183 188 3226 se
218 3164 551 3236 transferat,
595 3163 867 3224 detrahet.
964 3166 1095 3226 Hoc
1132 3163 1229 3243 qui
1261 3164 1598 3239 admiratur,
1640 3164 1689 3221 is
1735 3183 1828 3237 se,
1874 3164 2010 3241 quid
2048 3161 2124 3222 sit
2194 3174 2209 3181 ‘

120 3249 207 3309 vir
235 3246 448 3321 bouus,
490 3249 705 3311 nescire
727 3236 984 3323 fateatur.
1073 3254 1175 3315 76.
1220 3248 1301 3317 At
1317 3269 1471 3324 vero,
1494 3251 1544 3308 si
1569 3249 1667 3349 qui
1694 3242 1929 3308 voluerit
1952 3246 2122 3308 animi

121 3334 211 3395 sui
251 3332 630 3412 complicatam
666 3335 949 3395 notionem
993 3334 1275 3396 evolvere·
1332 3337 1443 3395 iam
1484 3353 1546 3394 sc
1587 3335 1709 3414 ipse
1752 3334 1950 3393 doceat
1994 3351 2123 3392 eum

122 3420 300 3479 virum
336 3419 539 3477 bonum
581 3439 739 3494 esse,
783 3421 899 3498 qui
937 3420 1117 3499 prosit
1151 3421 1352 3499 quibus
1389 3420 1598 3500 possit,
1661 3424 1864 3479 noceat
1915 3417 2124 3477 nemim

121 3502 233 3566 nisi
256 3503 538 3563 lacessitus
567 3504 783 3565 iniuriat
870 3505 1024 3574 Quid
1050 3504 1234 3583 ergo?
1275 3507 1387 3566 Hic
1415 3522 1538 3565 non·
1571 3509 1806 3577 noceat,
1852 3503 1947 3581 qui
1977 3523 2125 3581 quo-

124 3590 259 3650 dam
284 3587 448 3668 quasi
471 3608 687 3651 veneno
711 3588 982 3672 perficiat,
1024 3598 1089 3653 ut
1115 3611 1278 3659 veros
1306 3592 1543 3655 heredes
1565 3595 1809 3665 moveat,
1847 3588 1911 3650 in
1928 3605 2123 3650 eorum
