2417 3967
854 72 883 92 *a

338 356 345 364 Δ
513 274 628 341 ,na
675 254 935 338 nom-E
976 280 1317 338 Armem
1356 256 1702 337 mNoa1s2‘
1765 302 1767 311 ‹

2026 281 2153 344 177

56 427 127 482 illi
140 467 157 493 ‚
197 427 300 482 sed
333 427 463 484 Caio
485 444 695 500 quoque
708 466 724 494 ,
760 411 1060 484 fervidioris
1087 427 1283 499 ingenii
1309 426 1424 483 viro
1437 467 1455 494 ,
1490 428 1733 485 tribuere
1758 443 1861 488 non
1888 427 1985 482 du-
2036 428 2049 437 ”

58 498 315 552 bitarunt.
969 552 974 556 .
1210 572 1216 576 Ι

940 618 991 682 5.
1062 617 1116 687 5.
1212 670 1221 675 ,

199 702 474 758 Accedere
522 707 694 756 autem
736 702 1027 775 quaestioni
1062 702 1370 824 propositae
1398 704 1531 779 inde¹
1552 701 1993 773 quoque‘videtur
2092 718 2095 722 ’

61 773 301 843 gravitas
332 773 585 842 quaedam
612 778 666 825 et
690 774 888 842 pondus
904 811 921 836 ,
960 790 1060 841 quo
1129 786 1298 825 virum
1328 790 1453 826 suae
1485 772 1674 826 aetatis
1702 770 1857 823 facile
1881 770 1996 839 pri-

61 843 279 897 marium
321 842 504 894 eodem
529 842 645 911 ipso
675 848 908 909 tempore
936 841 1062 893 fatis
1100 841 1334 894 functum
1361 842 1593 895 videmus
1629 843 1801 909 (anno
1831 839 1898 892 V.
1931 838 1994 890 C.

64 910 227 980 624.)
247 950 263 975 ‚
304 928 407 979 quo
438 910 734 979 respublica
770 911 919 963 Rom.
945 910 1135 963 iterum
1159 910 1423 963 intestinis
1458 910 1733 964 discordiis
1763 914 1819 961 et
1845 906 1998 960 moti·-
2037 925 2043 928 ’
2107 913 2111 916 ’

63 983 162 1033 bus
192 981 386 1033 civium
415 979 876 1041 vehementissimis
909 982 972 1032 et'
992 978 1255 1033 acerrimis
1285 980 1550 1048 exagitata
1567 980 1867 1042 laboraret3
1898 992 1998 1029 un·-

68 1051 136 1102 de
163 1056 369 1119 quanta·
396 1048 728 1100 festinatione
755 1054 810 1100 et
839 1065 991 1117 quam
1018 1047 1429 1118 praecipitanter
1457 1048 1772 1103 continentia
1810 1051 1866 1099 et
1888 1063 1998 1100 mo··.

69 1119 275 1173 deratio
320 1123 557 1187 veterum
585 1116 925 1169 Romanorum
957 1118 1024 1177 ad
1055 1116 1305 1186 pessimas
1333 1135 1569 1188 quasque
1613 1125 1754 1170 artes
1795 1116 1866 1168 sit
1905 1115 2000 1167 de·-

68 1187 236 1256 lapsa,
275 1192 523 1257 quantum
554 1186 774 1241 studium
804 1187 1005 1255 patriae
1034 1187 1322 1254 servandae
1349 1194 1405 1240 et
1432 1187 1726 1256 augendae,
1753 1184 2001 1254 propriae

71 1256 315 1309 utilitatis
349 1255 541 1318 studio,
579 1254 847 1318 avaritiae,
886 1255 1168 1320 ambitioni,—
1205 1255 1440 1313 luxuriae
1466 1257 1765 1325 optimatum
1787 1252 2002 1323 potissi—

71 1340 205 1378 mum
247 1324 498 1387 cesserit,
538 1332 593 1375 et
618 1325 869 1392 quomodo
894 1324 1142 1391 Romani,
1176 1324 1326 1377 vario
1363 1325 1590 1389 scelere,
1629 1330 1684 1378 et
1713 1323 1919 1393 publico
1949 1325 2008 1374 et

72 1394 302 1465 privato,
322 1392 426 1463 ipsi
439 1392 495 1445 in
522 1408 666 1445 suam
692 1393 918 1462 ipsorum
942 1393 1224 1462 perniciem
1250 1390 1478 1445 ruerint:
1514 1394 1569 1446 id
1599 1394 1804 1462 quidem
1830 1405 2006 1443 omnes

73 1470 283 1526 norunt,
321 1463 411 1532 qui
438 1462 658 1530 aliquam
686 1467 884 1514 tantum
915 1469 970 1514 et
994 1463 1160 1514 levem
1183 1478 1357 1514 rerum
1382 1462 1691 1526 aRomanis,
1729 1467 1785 1516 et
1809 1461 1865 1515 in
1890 1458 2006 1515 bel—-

75 1532 127 1587 lo
157 1538 212 1587 et
244 1531 299 1586 in
320 1538 458 1601 toga
484 1537 768 1600 gestarum,
806 1530 1153 1600 cognitionem
1180 1528 1284 1583 sibi
1315 1535 1648 1600 paraverunt.

948 1671 1002 1734 §-
1074 1669 1128 1722 6.

2174 628 2197 671 l

218 1754 282 1810 In
308 1753 405 1808 tali
440 1768 569 1807 vero
596 1757 756 1824 atque
781 1728 960 1815 tantae
998 1746 1277 1821 gravitatis
1316 1748 1566 1811 historiae
1594 1750 1743 1805 Rom.
1770 1747 2006 1820 periodo,
2024 1762 2070 1814 p-
2085 1744 2136 1800 5.
2186 1750 2203 1757 ‘

79 1840 214 1895 quae
238 1823 570 1893 plurimorum
583 1862 599 1887 ‚
652 1838 787 1892 quae
825 1822 1160 1892 sequentibus
1203 1822 1523 1892 temporibus
1551 1816 1794 1889 Romanis
1826 1823 1880 1871 et
1906 1817 2005 1870 tri-

79 1893 311 1947 stissima
332 1898 387 1946 et
414 1893 632 1946 maxime
659 1894 871 1945 funesta
899 1892 1229 1956 acciderunt,
1283 1891 1478 1945 semina
1516 1892 1664 1961 quasi
1697 1889 1926 1942 continet
1954 1892 2010 1940 et

83 1979 302 2026 causam,
352 1962 572 2032 quisque
603 1963 880 2026 concedet,
934 1976 1030 2013 nec
1060 1979 1124 2013 ea
1158 1962 1448 2029 spernenda
1473 1979 1591 2014 esse
1631 1966 1789 2029 atque
1825 1957 1883 2010 vi
1912 1973 2010 2010 sua

82 2049 298 2095 carere,
331 2035 486 2100 'quae
566 2030 693 2083 rimo
725 2024 949 2083 forsitan
993 2031 1249 2100 adspectu
1280 2030 1482 2085 leviora
1524 2033 1580 2085 et
1616 2027 1870 2098 singulari
1899 2025 2008 2081 dis-

84 2099 365 2177 quisitione
401 2099 492 2152 vix
558 2099 683 2169 igna'
716 2099 887 2155 videri
912 2099 1130 2177 possint.
1147 2110 1156 2119 ¹
1560 2164 1567 2179 ἱ

225 2186 404 2249 Quare
436 2190 492 2240 et
516 2187 708 2238 nos²de
735 2185 995 2255 Scipionis
1025 2182 1294 2239 Aemiliani
1323 2184 1490 2237 morte
1515 2173 1867 2252 quaestionem
1894 2183 2010 2237 lau·

86 2255 279 2319 datam,
300 2254 532 2324 inprimis
558 2270 671 2307 cum
701 2254 1096 2307 difficultatibus
1117 2251 1313 2305 criticis
1339 2253 1475 2313 haud
1502 2253 1897 2318 contemnendis
1914 2252 2009 2305 im-

85 2324 271 2396 plicita
297 2324 380 2387 sit,
411 2328 467 2381 et
499 2324 694 2406 aliquid
721 2325 903 2376 saltem
932 2323 996 2374 ad
1022 2326 1250 2374 motumn‘
1277 2338 1372 2389 per
1391 2316 1663 2373 Gracchos
1688 2320 2025 2390 exci[*-ta-*]'

85 2400 259 2447 torum
284 2393 534 2449 rationem
549 2431 565 2456 ‚
616 2410 947 2475 virorumque
980 2391 1196 2443 istorum
1229 2407 1532 2472 magnorum
1559 2390 1816 2471 ingenium
1855 2388 2010 2470 paulo

88 2461 321 2533 apertius
363 2461 725 2514 declarandum
763 2467 815 2514 et
842 2461 1055 2515 liberius
1083 2460 1465 2529 diiudlcandum
1494 2459 1659 2511 faclat
1673 2497 1689 2523 ‚
1739 2476 1842 2511 non
1873 2458 2011 2510 indi·-

89 2549 243 2601 gnam
281 2528 617 2583 iudicavimus
634 2569 650 2595 ‚
700 2548 849 2598 quam
886 2528 1136 2598 singulari
1162 2527 1525 2582 commentario
1558 2531 1899 2582 retractatam
1927 2524 2011 2580 vi-

89 2617 267 2677 rorum
299 2599 566 2652 doctorum
593 2598 802 2652 iudicio·
822 2616 1240 2668 proponeremus.
1936 2606 1977 2643 x·
2082 2604 2091 2607 *
2160 2616 2169 2623 ν

230 2685 314 2739 Ad
356 2683 488 2745 hanc
528 2687 698 2736 autem
730 2682 1082 2752 quaestionem
1118 2687 1268 2736 recte
1303 2681 1666 2739 instituendam
1702 2685 1758 2736 at
1795 2698 1862 2734 ue
1895 2681 2016 2735 illu-

94 2824 324 2896 proxime
345 2822 744 2894 praecesserint.

540 2952 544 2961 ι

235 3045 312 3101 Et
337 3044 597 3115 Scipionis
674 3045 844 3100 uidem
871 3046 1106 3101 Africani
1133 3048 1279 3099 aetas
1325 3049 1556 3100 extrema
1597 3045 1651 3099 in
1684 3059 1748 3099 ea
1784 3048 2021 3116 tempora

37 3176 48 3181 q
100 3115 311 3180 incidit,
350 3116 535 3185 quibus
583 3117 615 3169 d
638 3063 756 3169 ‘ieta
779 3112 1097 3184 Carthagine
1141 3121 1196 3167 et
1224 3116 1495 3170 debellatis
1537 3114 1864 3170 Numantinis
1880 3153 1896 3178 ‚
1952 3115 2019 3168 ab

100 3186 321 3239 hostium
351 3191 642 3238 exterorum
675 3191 816 3238 metu
851 3186 1071 3238 liberata
1097 3184 1412 3255 Respublica
1441 3187 1590 3239 Rom.
1615 3184 1806 3238 intimis
1835 3183 2022 3237 civium

101 3270 304 3307 suorum
332 3254 552 3309 motibus
589 3273 651 3307 ac
683 3255 957 3309 discordiis
987 3253 1168 3308 maiori
1202 3254 1358 3307 etiam
1386 3256 1619 3326 periculo
1646 3261 1700 3306 et
1729 3253 2023 3307 calamitate

85 3323 265 3395 'premi
295 3320 484 3391 coepit.
553 3324 735 3393 Scipio
770 3330 938 3377 autem
956 3362 972 3388 ‚
1010 3323 1100 3393 qui
1133 3341 1197 3376 ex
1230 3325 1460 3378 omnibus
1476 3364 1492 3390 ‚
1535 3324 1730 3395 quibus
1766 3320 2020 3385 interfuit,

104 3400 156 3446 et
181 3410 317 3463 quae
344 3391 460 3460 ipse
487 3393 670 3460 gessit,
716 3393 884 3457 bellis,
922 3409 1125 3517 semzeer
1147 3392 1319 3446 victor
1349 3411 1535 3462 magna
1577 3410 1689 3445 cum
1717 3391 1885 3460 gloria
1910 3389 2023 3463 dis-

104 3467 354 3525 cesserat,
384 3466 539 3549 atque
569 3463 673 3516 duo
702 3461 1014 3543 gravissima
1107 3461 1179 3517 lla
1208 3462 1510 3518 felicissime
1535 3463 1909 3534 composuerat,
1929 3456 2025 3512 mi·-

94 2755 380 2817 strandam,
434 2769 603 2822 pauca
631 2752 865 2823 praefari
904 2753 1062 2808 liceat
1106 2753 1173 2808 de
1201 2752 1301 2820 iis,
1353 2771 1488 2828 quae
1515 2757 1729 2809 mortem
1801 2751 2017 2824 cipionis
2070 2784 2111 2822 χ
