2417 3967
221 332 227 341 ,
321 268 418 332 84
615 298 626 309 ·
761 258 1282 329 CICERONIS
1324 264 1445 328 DE
1487 264 1904 329 OFFICIIS

198 422 209 433 ’
331 425 586 497 teantur,
629 420 675 481 si
701 428 932 501 negent,
956 389 1159 482 *omnia
1179 423 1369 502 turpia
1391 442 1496 502 per
1523 442 1585 483 se
1602 422 1725 503 ipsa
1756 418 2188 499 fugienda·ffle
2214 434 2351 479 eon-

330 508 550 570 cedant.
634 507 756 568 Sed
775 510 885 567 iam
914 509 989 567 ad
1018 508 1367 587 propositum
1391 515 1750 570 revertamur.

460 589 1003 657 X-40-1ncidunt
1056 593 1264 654 multae
1315 611 1486 674 saepe
1522 608 1756 668 causae,
1825 608 1974 670 quae
2013 589 2355 652 conturbent

332 678 550 739 animos
586 677 837 741 utilitatis
870 678 1087 759 specie,
1138 697 1257 739 non
1270 721 1291 755 ,
1334 697 1506 755 quum
1536 679 1646 738 hoc
1687 676 2053 752 deliberetur,
2117 674 2353 736 der-elm-

332 756 632 844 quendane
658 764 733 823 sit
759 764 1022 824 honestas
1047 770 1285 845 propter
1308 764 1557 824 utilitatis
1577 763 2054 841 magnitudinem,
2112 760 2279 835 (nam
2297 758 2351 816 id

333 849 886 928 quidemimprobum
901 850 1052 925 est)
1094 850 1196 909 sed
1214 849 1373 924 illud,
1411 869 1502 931 po
1520 866 1588 909 ss
1603 849 1756 908 itne
1785 848 1806 906 i
1824 848 1897 923 d,
1939 866 2084 924 quo
2102 846 2148 905 d
2172 843 2349 906 utile

332 935 727 1011 videatur,
784 935 974 995 fieri
1013 951 1155 994 non
1210 936 1552 1014 turpiter.
1638 935 1827 1004 Quum
1862 931 2160 992 Collatino
2197 928 2350 990 eolle-

337 1038 450 1098 gae
490 1020 697 1078 Brutus
738 1019 1028 1101 imperium
1067 1020 1410 1105 abrogabat:
1453 1025 1680 1099 poterat
1717 1016 1894 1079 videri
1928 1019 2134 1077 facere
2170 1016 2234 1074 id
2274 1017 2350 1073 in-

333 1106 497 1165 iuste.
580 1105 792 1164 Fuerat
818 1106 965 1164 enim
1003 1105 1063 1165 in
1087 1106 1318 1182 regibus
1338 1106 1677 1185 expellendis
1705 1105 1884 1163 socius
1903 1102 2075 1161 Bruti
2105 1099 2409 1177 consilio·
2408 1130 2409 1137 ι

334 1209 462 1250 rum
494 1194 558 1248 et
593 1189 833 1249 adiutor.
919 1190 1109 1258 Quum
1141 1195 1331 1251 autem
1368 1191 1653 1250 consilium
1692 1190 1800 1250 hoc
1843 1188 2139 1268 principes
2179 1185 2346 1266 ceph-

339 1280 502 1349 sent,
544 1276 930 1351 cognationem
958 1275 1200 1354 Superbi
1234 1294 1550 1353 nomenque
1579 1273 2017 1352 Tarquiniorum
2036 1278 2106 1334 et
2148 1290 2346 1332 merno-

337 1361 478 1420 riam
502 1360 663 1436 regni
705 1378 830 1420 esse
849 1359 1186 1421 tollendam·
1232 1362 1388 1443 quod
1423 1367 1547 1421 erat
1584 1359 1751 1435 utile,
1790 1358 2011 1440 patriae
2048 1355 2348 1427 consulere,

338 1444 403 1507 id
430 1450 549 1504 erat
575 1446 656 1504 ita
687 1443 1008 1521 honestum,
1048 1451 1116 1504 ιιι
1160 1447 1336 1517 etiam
1377 1446 1484 1529 ipsi
1513 1445 1792 1506 Collatino
1835 1442 2064 1531 plaoera
2104 1443 2347 1503 deberet·

208 1574 212 1581 -
336 1530 537 1607 Itaque
569 1529 780 1592 utilitas
814 1530 986 1591 valuit
1024 1536 1263 1612 propter
1292 1529 1696 1606 honestatem,
1723 1530 1844 1589 sine
1880 1547 1995 1607 qua
2033 1547 2117 1589 ne
2157 1527 2345 1587 utilitas

338 1616 566 1694 quidem
612 1634 736 1676 esse
767 1600 1072 1697 potuisset.
1143 1616 1221 1676 At
1264 1617 1326 1676 in
1369 1636 1456 1678 eo
1474 1636 1646 1694 rege,
1706 1615 1804 1694 qui
1840 1615 2039 1674 urbem
2088 1611 2345 1683 condidit,
2408 1612 2409 1627 ¹

277 1702 288 1713 “
340 1718 457 1760 non
480 1700 633 1761 item.
713 1700 817 1767 41.
858 1701 1087 1780 Species
1112 1702 1258 1762 enim
1284 1700 1539 1761 utilitatis
1560 1701 1803 1761 animum
1830 1696 2049 1779 pepulit
2076 1698 2232 1759 eius:
2268 1695 2344 1755 eni

341 1803 516 1864 quum
536 1786 710 1846 visum
753 1793 901 1848 esset
929 1786 1114 1846 utilius
1151 1786 1330 1846 solum
1353 1806 1520 1864 quam
1560 1805 1684 1847 cum
1719 1786 1895 1846 altero
1921 1803 2206 1862 regnare,
2244 1784 2344 1843 sn-

339 1877 486 1935 trem
507 1873 801 1932 interemit.
885 1871 1091 1931 Omisit
1113 1872 1203 1931 hic
1240 1878 1301 1931 et
1320 1873 1589 1952 pietatem
1619 1877 1680 1932 et
1700 1869 2132 1943 humanitatem,
2172 1874 2239 1928 ιιι
2269 1868 2338 1940 id,

342 1955 500 2035 quod
522 1956 660 2019 utile
683 1955 976 2017 videbatur
1000 1960 1187 2034 neque
1209 1963 1363 2031 erat,
1403 1958 1624 2034 assequi
1650 1961 1874 2037 posset3
1917 1970 1981 2014 et
2003 1961 2200 2015 tamen
2216 1971 2340 2012 ιιιιιιι

343 2056 567 2100 causam
588 2042 870 2121 opposuit,
907 2042 1148 2120 speciem
1173 2041 1480 2102 honestatis
1503 2060 1690 2120 neque
1715 2040 2063 2122 probabilem
2088 2059 2199 2100 nee
2219 2054 2339 2098 sane

343 2126 622 2187 idoneam.
707 2125 811 2192 42.
855 2126 1114 2188 Peccavit
1133 2126 1336 2203 igitur.
1377 2145 1521 2208 pace
1541 2128 1630 2187 vel
1656 2125 1874 2196 Quirini
1903 2125 2243 2185 rdRomuli
2266 2123 2341 2182 ffi-

341 2209 537 2271 xerim.
604 2209 731 2272 Nec
749 2208 940 2271 tamen
960 2218 1187 2272 nostrae
1210 2213 1374 2272 nobis
1400 2212 1667 2272 utilitates
1684 2212 2030 2272 omittendae
2052 2209 2339 2269 sunt'aliis·

346 2314 466 2373 que
480 2296 809 2370 tradendae,
852 2315 1021 2374 quum
1036 2298 1104 2355 iis
1129 2296 1238 2375 ipsi
1262 2316 1557 2374 egeamus3
1597 2298 1700 2357 sed
1724 2315 1861 2356 suae
1889 2295 2089 2371 cuique
2114 2293 2339 2367 utilitati,

249 2396 262 2409 ⁸
345 2382 502 2459 quod
527 2381 647 2441 sine
673 2381 937 2441 alterius
921 2382 1121 2440 miuria
1154 2382 1296 2457 fiat,
1339 2382 1689 2443 serviendum
1714 2387 1817 2442 est.
1901 2381 2060 2440 Scite
2086 2380 2337 2457 chrysip-

343 2484 488 2546 pus,
528 2472 593 2525 ιιι
618 2465 824 2542 multa,
868 2463 988 2532 Qui
1004 2465 1278 2542 stadium,
1314 2468 1530 2544 inquit,
1570 2469 1769 2542 currit,
1812 2468 1948 2527 eniti
1978 2471 2034 2524 et
2054 2463 2338 2525 contenda-e

346 2549 529 2624 debet,
582 2570 743 2629 qaam
781 2555 1018 2612 numme
1036 2556 1257 2632 possut,
1295 2558 1359 2611 ut
1384 2557 1602 2624 υὴιοαίς
1657 2550 2006 2630 supplantare
2038 2570 2191 2627 eum,
2231 2552 2332 2629 qui-

325 2654 468 2718 cum
503 2641 704 2711 certet,
747 2642 851 2696 aut
886 2656 1050 2697 mnu
1081 2595 1332 2715 depellere
1368 2637 1518 2698 nullo
1547 2637 1699 2697 morlo
1734 2634 2087 2697 debet.S1‘c
2139 2640 2200 2696 in
2232 2638 2333 2693 υιῖι

191 2790 198 2801 ,
275 2766 284 2773 .
346 2721 740 2801 σι’ὺί.ι1ιιαιιφιε
772 2727 978 2800 petere,
1021 2722 1161 2800 quod
1179 2725 1451 2802 pertineat
1480 2721 1559 2805 ad
1588 2740 1795 2799 usum,-
1826 2741 1934 2784 non
1965 2723 2211 2802 iniquum
2236 2725 2330 2787 αις

245 2868 250 2875 ,
344 2806 511 2867 alteri
527 2806 758 2885 deripere
777 2811 867 2866 ias
889 2813 1116 2867 nonest.
2402 2814 2403 2841 ¹

377 2908 388 2919 “
473 2891 579 2957 43.
617 2892 863 2953 Maxime
881 2899 1072 2955 autem
1095 2892 1497 2974 perturbantur
1519 2892 1706 2955 officia
1738 2894 1801 2953 in
1826 2891 2115 2967 amidtiis,
2156 2888 2328 2971 (ζῶε

349 2983 409 3038 et
432 2994 548 3035 non
572 2978 848 3052 tribuere,
888 2979 1044 3056 quod
1084 2985 1241 3053 recte
1277 2980 1490 3058 possis,
1535 2985 1596 3038 et
1628 2979 1902 3052 tribuere,
1944 2978 2104 3056 quod
2130 2995 2238 3037 non
2266 2974 2328 3034 sit

345 3080 619 3139 aequum,
661 3069 854 3123 contra
896 3062 1140 3123 officium
1180 3069 1283 3123 est.
1368 3065 1489 3125 Sed
1517 3064 1678 3124 huius
1722 3064 1944 3141 generis
1978 3063 2148 3123 totius
2182 3062 2330 3122 breve

254 3221 264 3229 ,
348 3153 413 3208 et
458 3164 576 3206 non
622 3145 847 3209 difficile
884 3154 1242 3229 praeceptum
1284 3154 1388 3209 est.
1475 3150 1641 3219 Quae
1676 3150 1827 3210 enim
1871 3128 2135 3208 videntur
2177 3144 2328 3216 unffi,

345 3231 588 3293 honores
601 3272 623 3305 ,
672 3232 924 3307 divitiae,
976 3234 1325 3314 voluptates,
1386 3240 1575 3295 cetera
1613 3233 1838 3313 generis
1856 3233 2147 3306 eiusdem,
2212 3232 2327 3291 haee

349 3317 622 3377 amicitiae
663 3334 948 3394 nunquam
985 3321 1378 3418 anteponenda
1418 3324 1563 3379 sunt.
1644 3319 1722 3380 At
1760 3337 1948 3396 neque
2000 3326 2192 3379 contra
2228 3333 2325 3377 rem

327 3402 627 3483 publicam
661 3420 845 3478 neque
883 3409 1078 3463 contra
1109 3404 1193 3462 ius
1241 3405 1535 3465 iurandum
1569 3424 1636 3466 ac
1672 3404 1844 3467 fidem
1878 3402 2043 3462 amici
2072 3421 2232 3463 cansa
2256 3400 2325 3460 rit

351 3487 533 3545 bonus
569 3487 765 3561 faciet,
806 3505 882 3546 ne
906 3489 956 3546 si
997 3488 1167 3548 iudex
1195 3491 1425 3571 quidem
1472 3492 1580 3553 erit
1620 3491 1693 3550 de
1738 3490 1865 3570 ipso
1904 3489 2106 3549 amico.
2182 3484 2323 3549 Ponit

357 3572 508 3631 enim
545 3590 843 3652 personam
896 3573 1085 3647 amici,
1142 3593 1314 3652 quum
1353 3575 1536 3637 induit
1578 3576 1798 3637 iudicis.
1883 3572 1945 3638 T
1943 3580 2134 3635 ιιιιιιιιιι
2186 3570 2322 3635 dabit
