2417 3967
536 284 645 342 DE
687 279 1113 341 AM101T1A
1159 261 1443 355 dea-s.
1490 277 1578 337 95.
1619 278 1705 335 96.
1978 356 1983 363 ἢ
2036 273 2166 340 153

220 438 384 491 ritas!
447 443 642 505 quanta
687 437 742 491 in
792 439 1029 491 oratione
1067 436 1341 489 maiestas!
1403 441 1464 487 ut
1505 435 1659 487 facile
1698 430 1888 486 ducem
1933 447 2032 500 po-

220 525 330 592 puli
353 523 613 588 Romani,
658 538 765 575 non
792 524 1034 575 comitem
1073 509 1321 575 diceresf
1377 520 1486 573 Sed
1513 520 1759 581 affuistis3
1809 516 1885 585 [et
1924 512 2030 584 est]

222 607 275 658 in
332 609 569 660 manibus
632 608 819 663 oratio.
903 607 1089 673 Itaque
1146 607 1232 659 lex
1268 596 1531 673 popularis
1575 602 1813 668 suffragis
1861 601 2035 668 populi

140 696 180 750 9
220 692 498 758 repudiata
547 691 629 744 'st.
757 693 927 757 Atque
944 730 960 755 ‚
1018 697 1078 742 ut
1132 689 1201 744 ad
1261 705 1346 742 me
1401 689 1642 741 redeam=
1714 686 2035 750 meministis,
2110 740 2117 747 ,

222 777 291 830 Q,
331 775 613 840 Maxumo,
679 774 844 828 fratre
888 774 1175 842 Scipionis,
1249 780 1305 829 et
1340 772 1406 826 L.
1454 772 1705 825 Mancino
1743 769 2036 823 consulibus

222 874 379 926 quam
411 861 676 929 popularis
700 862 787 915 lex
824 859 894 913 de
931 860 1222 916 sacerdotis
1257 859 1318 916 C.
1345 857 1519 914 Licini
1530 852 1722 914 ”Crassi
1745 855 2031 911 videbatur.

151 1091 170 1103 .
211 1075 377 1132 facile
405 1073 606 1138 ducem]
644 1073 738 1125 Ed.
761 1078 859 1125 vet.
882 1090 921 1124 s.
942 1076 977 1125 l.
1003 1079 1171 1127 ducem
1191 1078 1449 1136 Xfwile.
1517 1046 1631 1123 hoc
1659 1086 1767 1124 voc.
1799 1083 1828 1120 e
1851 1068 1901 1137 §.
1927 1068 2010 1121 10.
2043 1070 2169 1117 extr.

33 1170 36 1173 Δ
73 1146 379 1203 assumptum
415 1143 653 1192 videatur.
721 1144 1062 1195 Verumtamen
1107 1147 1310 1195 eandem
1342 1146 1390 1194 h.
1428 1145 1461 1192 1.
1498 1143 1649 1192 habet
1691 1143 1985 1206 potestatem
2021 1140 2170 1198 atque

75 1207 212 1328 m
239 1211 281 1328 ἑ.
304 1216 384 1326 ξοδ
417 1217 582 1270 famil.
610 1212 692 1263 VI.
730 1230 806 1276 ep.
831 1211 883 1265 6.
920 1213 968 1278 §-
999 1214 1080 1267 18.
1112 1220 1339 1281 facile
1370 1218 1580 1263 omnium
1617 1215 2008 1272 nobilissimum,
2039 1206 2088 1255 h·
2121 1217 2168 1254 0.

273 1293 303 1326 u
339 1293 401 1328 ie.

220 1381 322 1413 non
350 1362 600 1427 comitem]
635 1364 777 1416 Haec
802 1380 881 1418 vv.
910 1368 960 1417 iu
987 1365 1258 1418 Pithoeano
1286 1367 1393 1417 cod.
1423 1367 1602 1415 omissa
1628 1381 1656 1416 e
1686 1379 1728 1414 c.
1760 1362 1841 1416 11.
1869 1362 1917 1427 ἓ.
1945 1361 1995 1416 6.
2025 1374 2171 1424 repe-

76 1434 175 1487 tita
219 1434 511 1482 videbantur
551 1432 780 1485 Graevio.
850 1436 1178 1486 Proscribenti
1217 1448 1278 1484 ea
1314 1436 1601 1484 Gernbardo
1636 1435 1803 1483 annuit
1849 1446 2022 1482 censor
2049 1431 2170 1478 Hal.

75 1497 266 1567 11:741.
296 1515 579 1564 comparans
594 1501 809 1566 Pompeii
840 1504 1047 1566 elogium
1078 1505 1196 1553 illud
1220 1505 1271 1552 in
1302 1521 1369 1552 or.
1383 1521 1473 1567 pro
1490 1507 1586 1564 leg.
1611 1508 1746 1551 Man.
1776 1501 1859 1562 16,
1882 1496 1968 1550 48.
1997 1499 2171 1547 alium-

77 1584 175 1632 que
210 1570 495 1619 similiorem
518 1571 672 1620 locum
697 1571 826 1620 Livii
849 1573 930 1620 111.
953 1571 1067 1630 20„
1101 1574 1182 1621 ubi
1215 1572 1390 1620 dicitur
1410 1584 1563 1620 comes
1590 1575 1877 1629 animosior,
1910 1586 2052 1628 quam
2079 1584 2170 1614 aa·

80 1650 204 1689 ctor.
280 1638 383 1686 Sed
425 1643 475 1687 et
513 1638 635 1688 hunc
673 1639 769 1688 iste
812 1641 966 1689 locum
1005 1641 1303 1703 inauspicato
1340 1640 1390 1688 in
1428 1644 1640 1700 stragem
1665 1650 1799 1686 suam
1836 1637 2089 1698 occupavit
2119 1638 2171 1684 et

76 1707 407 1772 probabiliter
432 1708 582 1755 verba
608 1708 701 1755 ista
728 1713 889 1757 tuetur
921 1710 1035 1757 Grz.
1054 1745 1068 1767 ,
1117 1709 1243 1771 quod
1273 1708 1437 1770 Scipio
1466 1712 1564 1755 tum
1603 1708 1723 1755 civis
1769 1707 1983 1768 privatus
2008 1705 2170 1762 fuerit,

80 1790 204 1826 unus
233 1777 297 1824 de
320 1776 523 1837 populo,
560 1789 653 1824 non
679 1778 842 1825 consul
872 1791 1025 1838 neque
1052 1778 1101 1825 in
1127 1779 1288 1838 aliquo
1320 1778 1518 1839 imperio
1535 1811 1548 1834 ,
1598 1780 1648 1824 et
1673 1775 1798 1836 quod
1825 1775 1996 1822 Cicero
2023 1777 2171 1820 consi·-

83 1857 200 1906 tem,
220 1858 297 1894 2-
309 1849 490 1892 socium
517 1849 892 1895 sortivalicm‘us
914 1856 1058 1908 atque
1084 1851 1385 1907 conditionis,
1405 1858 1645 1909 opponere
1664 1844 1822 1893 soleat
1839 1847 1966 1902 duci,
1985 1855 2168 1902 compp.

81 1920 145 1962 ad
166 1917 342 1974 famil.
374 1911 453 1960 VI.
483 1930 555 1975 ep.
586 1912 634 1972 6,
662 1908 747 1973 24,
783 1914 845 1961 X.
868 1932 940 1977 ep.
972 1914 1023 1974 3,
1049 1910 1099 1966 4.
1129 1929 1201 1979 pr.
1245 1918 1378 1963 Phil.
1407 1912 1506 1962 VII.
1537 1912 1587 1972 8,
1615 1911 1700 1964 22.
1740 1917 1866 1972 quod
1897 1921 2003 1961 erat
2031 1921 2170 1973 opto·-

79 1987 197 2046 bile,
233 1991 295 2030 ut
316 1985 375 2028 P.
404 1984 464 2028 Β.
504 1982 1128 2046 οοηιίτοηι”1ιαόενεηιιιο,
1161 2002 1289 2032 nunc
1317 1988 1538 2055 habemus
1573 1988 1804 2030 (lucem.

227 2064 446 2128 diceret]
485 2066 626 2129 φαίης
662 2084 729 2113 ==
762 2074 1092 2119 existumat-es.
1163 2070 1419 2131 optativus
1444 2067 1777 2131 potentialiter
1803 2067 1993 2129 ponitur
2019 2064 2067 2112 in
2099 2064 2168 2112 rei

81 2136 389 2200 praeteritae
414 2138 873 2198 repraesentatione.
908 2138 1187 2200 Hieronym.
1216 2143 1353 2199 epist.
1383 2143 1449 2186 aa
1476 2141 1661 2185 Rustic.
1684 2140 1917 2189 monach„
1936 2137 2064 2196 „Per
2092 2138 2171 2181 in·

81 2209 301 2255 terwana
325 2209 556 2263 quaedam
582 2210 665 2253 υἰει·
699 2223 863 2268 pauca
886 2212 1029 2255 verba
1052 2211 1306 2268 carpeban-
1350 2215 1420 2254 nt
1454 2223 1558 2254 eum
1590 2214 1860 2266 putares
1893 2206 2171 2264 singultire,

81 2291 180 2323 m
203 2276 448 2335 proloqui.
481 2272 607 2322 Alibi
633 2285 686 2322 nt
718 2276 963 2333 reticetur,
998 2289 1041 2322 e.
1061 2290 1108 2337 g.
1135 2275 1185 2323 in
1212 2271 1350 2321 Ovid.
1368 2272 1662 2324 met.1.162.
1690 2277 1838 2321 scires
1865 2271 1963 2333 (cf.
1987 2276 2168 2319 heroid.

81 2340 215 2392 XVI.
247 2339 332 2399 7‚8.
379 2349 437 2388 ut
454 2342 668 2403 scires„
716 2342 953 2390 interdum
974 2344 1073 2400 sic,
1125 2345 1178 2390 ut
1201 2345 1309 2389 tota
1336 2342 1576 2390 sententia
1615 2340 1829 2403 pendere
1856 2340 2077 2388 videatur
2106 2340 2168 2386 ab

82 2412 251 2472 aliquo
278 2409 546 2457 huiusmodi
571 2411 809 2459 membro:
848 2415 966 2470 fieri
1001 2420 1195 2473 poterat
1217 2420 1301 2473 ut,
1337 2425 1381 2459 e.
1405 2425 1453 2471 g.
1484 2411 1532 2458 in
1562 2408 1736 2459 Horat.
1766 2413 1848 2456 lib.
1874 2411 1913 2455 Ι.
1949 2424 2086 2455 serm.
2118 2405 2167 2457 8.

81 2478 163 2527 tiu.
193 2496 304 2527 eum
331 2492 507 2537 magno
546 2483 744 2539 risuque
777 2484 972 2541 iocoque
1003 2483 1289 2529 videres.-
1324 2482 1376 2527 et
1404 2480 1454 2526 in
1480 2478 1739 2527 Burmanni
1768 2479 2053 2538 anthologia
2078 2480 2167 2526 lat·

82 2546 168 2600 lib.
193 2547 279 2596 ΙΙΙ.
309 2549 451 2606 idyll.
474 2544 594 2597 292.
621 2561 668 2595 v.
703 2545 783 2598 17.
818 2552 1098 2609 Ambigeres
1127 2561 1201 2598 ,τε
1233 2548 1501 2609 ambiguum
1529 2551 1652 2595 erat.

227 2613 313 2676 et]
363 2617 433 2667 >
460 2612 536 2661 ed.
563 2619 662 2663 vet.
687 2631 729 2663 s.
758 2617 790 2663 l.
818 2621 872 2664 in
901 2622 1122 2666 manibus
1143 2621 1299 2665 oratio
1324 2626 1393 2669 ><
1421 2626 1493 2664 est
1524 2619 1593 2670 >
1626 2612 1747 2663 Ven.
1774 2609 1892 2665 477.

230 2679 281 2747 §-
306 2681 360 2733 9.
406 2681 464 2730 L.
491 2698 524 2728 a
549 2688 806 2732 mendatis.
838 2711 908 2722 --
943 2692 997 2745 Q.
1023 2689 1093 2739 >
1118 2686 1225 2735 Erf.
1258 2689 1470 2734 Maximo
1489 2721 1505 2746 ‚
1551 2699 1639 2748 pro
1673 2698 1765 2745 quo
1793 2683 1900 2730 Lm
1935 2685 2169 2740 Mar-tino,

85 2755 143 2800 ut
170 2764 235 2800 ne
264 2745 352 2809 24,
383 2744 435 2800 4.
468 2749 695 2800 Andreas
725 2753 968 2802 solitarius
991 2755 1071 2803 sit.
1142 2759 1201 2802 L.
1230 2757 1301 2807 >
1329 2753 1405 2801 ed.
1438 2756 1536 2801 vet.
1563 2768 1604 2800 s.
1637 2753 1669 2800 l.
1701 2756 1941 2800 Mancino.
1974 2750 2029 2800 L.
2046 2753 2083 2814 β
2111 2754 2185 2813 Ia.=

89 2824 356 2869 Ποππίῑίο·
386 2842 460 2855 ·-·
493 2825 545 2869 G·
575 2823 645 2873 >
671 2819 730 2870 L.
756 2837 808 2883 a,
839 2823 914 2870 ed.
946 2826 1044 2872 vet.
1070 2838 1110 2871 s.
1137 2824 1170 2871 l.
1198 2836 1306 2871 cum
1331 2820 1456 2879 Erf„
1486 2823 1566 2882 qui
1592 2835 1697 2884 per·
1707 2834 1954 2883 apocopen
1977 2824 2132 2868 licini.

229 2900 517 2967 videbatur]
566 2904 625 2954 1..
646 2909 683 2969 β
709 2920 742 2954 a
765 2921 826 2955 m.
854 2906 898 2957 1.
938 2910 1236 2956 tradebatur.
1304 2905 1378 2955 De
1414 2907 1763 2969 periphrastica
1803 2906 1895 2955 hac
1915 2905 2168 2957 Indicativi

90 2974 281 3022 ratione
322 2977 438 3036 post
477 2974 677 3035 phrases
709 2975 834 3023 alias
864 2976 1103 3037 obliquam
1137 2977 1404 3024 orationem
1438 2974 1696 3033 ducentes,
1745 2977 1799 3022 ut
1830 2980 1982 3023 totum
2020 2988 2169 3024 mem*

89 3042 226 3091 brum
254 3054 317 3089 ex
344 3041 441 3089 illis
468 3046 630 3103 aptum
656 3044 798 3091 modo
829 3044 1125 3101 Nominativj
1155 3049 1264 3106 post
1291 3043 1499 3091 Verbum
1530 3045 1770 3106 passivum
1795 3044 1868 3093 vel
1901 3044 2167 3095 intransiti-

90 3122 217 3168 vum,
253 3108 396 3157 modo
423 3115 533 3170 post
557 3111 860 3160 transitivum
884 3112 1095 3161 Verbum
1119 3110 1185 3159 sit
1213 3111 1390 3160 obiecti
1419 3112 1620 3173 ideoque
1644 3113 1690 3160 h.
1723 3113 1756 3162 l.
1783 3112 2016 3169 Genitivi‚
2050 3112 2168 3160 alibi

89 3176 367 3226 Accusativi
394 3178 572 3236 instar,
606 3192 651 3228 v.
683 3178 863 3227 Gernh.
888 3181 953 3228 ad
979 3186 1083 3228 Cat.
1112 3185 1234 3229 Μαί.
1264 3178 1344 3227 IV.
1373 3178 1454 3230 12.
1482 3195 1552 3243 pr.
1581 3181 1641 3229 cl.
1667 3180 1836 3242 Virgil.
1864 3184 1949 3229 ecl.
1980 3179 2035 3228 V.
2065 3178 2113 3229 6.
2125 3193 2177 3238 s..

90 3243 162 3294 De
201 3245 470 3293 indicativo
506 3246 555 3293 in
599 3246 1049 3310 interrogationibus
1091 3249 1282 3310 quidem
1320 3248 1513 3297 aliunde
1551 3250 1677 3312 aptis
1715 3249 1967 3297 addubitat
2002 3247 2168 3295 Zu'm-

91 3314 263 3374 ptius
299 3314 347 3361 in
381 3312 593 3362 Iahuii
628 3319 797 3363 annal.
818 3320 992 3376 philol.
1019 3317 1110 3366 vol.
1135 3317 1218 3366 IV.
1251 3315 1429 3379 (1827.
1443 3316 1528 3378 IL)
1559 3318 1676 3367 fasc.
1701 3315 1750 3368 3.
1778 3328 2065 3364 annexorum
2093 3316 2167 3362 in·
2204 3326 2211 3331 ·

91 3380 252 3430 dicum
281 3382 465 3430 literar.
496 3396 542 3443 p.
556 3376 605 3431 4.
633 3384 857 3432 reiicions
882 3398 1022 3445 quum
1051 3399 1136 3434 eos
1163 3386 1323 3444 locos,
1352 3378 1478 3446 'quos
1503 3400 1534 3433 a
1556 3385 1762 3433 librariis
1789 3388 2038 3446 corruptos
2065 3384 2167 3432 Ga·-

93 3450 309 3499 ratonius
338 3449 404 3499 ad
430 3464 499 3500 or.
523 3467 613 3514 pro
639 3456 824 3507 Milone
850 3468 893 3503 c·
924 3451 1006 3506 18.
1037 3467 1118 3520 pr.
1139 3454 1426 3514 adduxerat,
1458 3457 1559 3505 tum
1585 3454 1742 3503 locum
1768 3465 1801 3501 a
1833 3451 2057 3501 Ramsh
2075 3465 2166 3501 or·
