2417 3967
659 264 839 330 Lm
880 268 979 330 111
1065 236 1546 336 CAR7829ss
1680 258 1685 265 ’
1796 332 1801 336 ,
1911 270 2102 335 isa

93 424 234 483 cinus
259 422 423 496 inest,
468 423 694 483 etiamsi
707 423 781 482 ad
808 424 869 481 id
897 443 1010 483 ιιοιι
1037 425 1408 502 pervenerint.
1463 423 1619 499 Ergo
1648 441 1714 483 ea
1734 422 2096 485 deliberanda

94 509 311 566 omnino
339 526 455 567 non
494 517 641 583 sunt,
684 510 741 568 in
767 510 966 586 quibus
1001 517 1090 569 est
1113 512 1289 590 turpis
1326 511 1448 588 ipsa
1477 509 1818 572 deliberatio.
1905 507 2094 585 Atque

92 594 247 653 etiam
277 613 358 654 ex
377 596 529 655 omni
545 596 940 655 deliberatione
969 596 1182 655 celandi
1210 603 1268 657 et
1289 595 1606 655 occultandi
1632 615 1762 674 spes
1788 594 2091 672 opinioque

89 681 419 740 removenda
444 687 545 740 est.
631 681 778 741 Satis
804 681 949 741 enim
987 682 1184 756 nobiS‚
1229 681 1275 740 si
1291 682 1475 741 modo
1514 681 1574 739 in
1603 679 1952 760 philosophia
1988 679 2092 737 ali—

89 765 216 845 quid
242 757 605 858 profecimus?
646 785 971 846 persuasum
1009 787 1136 827 esse
1165 725 1376 841 hebet,
1420 768 1468 826 si
1508 785 1702 826 omnes
1746 766 1882 825 dees
1912 765 2090 823 bomi-

85 867 328 927 nesque
328 851 509 912 celare
534 852 846 932 possimus,
887 852 1023 911 nihil
1050 859 1240 913 tamen
1277 870 1476 925 avare,
1521 852 1655 911 nihil
1677 851 1913 924 iniuste,
1954 848 2090 909 nihil

81 930 399 1012 libidinose,
442 937 577 997 nihil
608 939 1014 1015 incontinmter
1054 958 1180 998 esse
1208 939 1538 999 faciendum.
1621 935 1717 1001 IX.
1775 938 1879 1001 38·
1939 934 2089 994 Hmc

85 1019 170 1080 ille
206 1022 400 1101 Gyges
442 1014 718 1084 inducitur
756 1042 791 1081 a
834 1008 1102 1098 Platone,
1166 1024 1294 1102 qui,
1352 1043 1522 1101 quum
1558 1029 1711 1083 terra
1748 1021 2090 1082 discessisset

83 1108 291 1183 magnis
335 1108 668 1185 quibusdam
716 1108 1013 1182 imbribus,
1072 1109 1414 1170 descendit’
1399 1129 1459 1167 m
1497 1107 1647 1169 illum
1684 1108 1924 1183 hiatum,
1991 1126 2086 1167 aee
2108 1163 2149 1179 .,

84 1208 351 1270 neumque
391 1212 596 1271 equum
612 1237 631 1268 ,
673 1199 739 1255 ut
758 1196 948 1259 ferunt
982 1195 1199 1255 fabulae
1214 1238 1232 1268 ,
1275 1195 1697 1266 animadvertit,
1738 1194 1890 1252 cuius
1917 1193 1974 1250 in
2003 1190 2087 1252 la·-

82 1277 277 1336 teribus
309 1280 467 1340 fores
508 1286 734 1357 οιιιεειιῒςΧ
774 1281 973 1358 quibus
998 1282 1202 1360 apertis
1246 1299 1445 1360 corpus
1476 1280 1714 1341 hominis
1763 1278 1968 1338 mortui
2002 1277 2085 1336 vi-

82 1360 159 1421 (lit
195 1364 581 1441 magnitudine
621 1366 892 1425 inusitata
924 1367 1260 1444 anulumque
1296 1385 1525 1426 aureum
1566 1366 1626 1425 in
1665 1364 1873 1442 digit03
1915 1382 2082 1440 quem

81 1453 140 1505 ut
178 1450 448 1524 detraxit,
488 1452 614 1530 ipse
653 1451 867 1523 induit3
910 1450 1076 1525 (erat
1113 1457 1301 1512 autem
1338 1453 1522 1527 regius
1564 1458 1759 1530 pastor
1771 1453 1828 1525 ς)
1871 1459 1987 1509 tum
2022 1449 2080 1506 in

79 1534 356 1594 concilium
388 1555 453 1596 se
492 1542 783 1615 pastorum
812 1538 1041 1614 recepit.
1125 1536 1206 1595 Ibi
1254 1555 1421 1614 quum
1461 1537 1647 1615 palam
1675 1536 1792 1595 eius
1818 1534 1967 1593 anuli
2005 1533 2079 1592 ad
2145 1604 2165 1625 l

78 1617 312 1696 palmam
348 1627 733 1683 converterat:
773 1640 812 1680 a
839 1622 990 1680 nullo
1027 1622 1353 1693 videbatur,
1398 1623 1519 1699 ipse
1559 1627 1745 1681 autem
1787 1620 1974 1679 omnia
1994 1619 2081 1676 vi·-

79 1702 269 1778 debat3
311 1707 492 1767 idem
504 1727 693 1766 rursus
723 1708 1052 1782 videbatur,
1095 1724 1264 1784 quum
1290 1707 1349 1764 in
1386 1706 1567 1765 locum
1594 1706 1818 1766 anulum
1840 1704 2080 1773 inverte-

77 1793 173 1847 rat.
252 1748 456 1869 'ltaque
487 1793 594 1853 hac
619 1794 1034 1873 opportunitate
1063 1791 1216 1852 anuli
1233 1811 1362 1852 usus
1390 1793 1619 1868 reginae
1645 1797 1899 1868 stuprum
1928 1790 2080 1851 intu-

47 1940 48 1943 ,
76 1871 169 1948 lit,
210 1895 389 1953 eaque
418 1878 688 1939 adiutrice
716 1897 902 1956 regem
931 1878 1216 1937 dominum
1234 1877 1529 1949 interemit,
1574 1875 1908 1975 sustulitque
1933 1894 2076 1954 quos

77 1957 288 2021 obstare
312 1962 712 2037 arbitrabatur,
754 1982 859 2024 nec
882 1965 942 2023 in
963 1964 1047 2022 his
1069 1980 1197 2023 eum
1223 1964 1557 2041 facinoribus
1574 1961 1867 2040 quisquam
1893 1963 2076 2039 potuit

74 2044 273 2106 videre.
359 2049 458 2105 Sic
511 2056 750 2129 repente
792 2049 945 2108 anuli
981 2048 1258 2109 beneficio
1293 2068 1393 2109 rex
1442 2054 1667 2114 exortus
1712 2053 1802 2107 est
1839 2046 2073 2124 Lydiae.

74 2126 232 2190 Hune
261 2133 437 2209 igitur
464 2133 649 2213 ipsum
671 2134 894 2193 anulum
924 2135 973 2193 si
1009 2133 1215 2193 habeat
1241 2134 1492 2212 sapiens:
1535 2133 1707 2192 nihilo
1732 2132 1856 2210 plus
1875 2133 1982 2191 sibi
2006 2132 2077 2192 li

77 2231 195 2274 cere
223 2224 388 2296 putet
418 2238 651 2297 peccare
664 2263 685 2295 ‚
729 2237 896 2298 quam
917 2219 964 2277 si
981 2237 1105 2278 non
1128 2218 1373 2279 haberet.
1459 2219 1718 2279 Honesta
1739 2220 1884 2277 enim
1916 2218 2073 2281 bonis

71 2300 225 2377 viris,
265 2322 382 2363 non
423 2305 640 2364 occulta
665 2310 1030 2383 quaeruntur.
1110 2306 1212 2369 39
1255 2303 1448 2381 Atque
1470 2288 1589 2364 hoe
1611 2302 1734 2362 1000
1763 2302 2076 2382 philosophi

72 2385 323 2464 quidam,
363 2389 594 2451 minime
630 2391 760 2449 mali
797 2391 890 2449 illi
897 2392 1127 2468 quidem
1149 2389 1255 2449 sed
1292 2408 1408 2449 non
1435 2389 1571 2448 satis
1601 2390 1776 2460 acuti,
1798 2390 1999 2467 fictam
2021 2395 2074 2447 et

74 2477 479 2533 commentzfflcmm
506 2474 765 2554 fabulam
798 2476 1070 2556 prolata-m
1108 2475 1302 2534 dicunt
1337 2494 1376 2533 a
1404 2474 1657 2534 Edono
1738 2472 1916 2543 Quasi
1938 2493 2073 2533 vero

68 2552 154 2614 ille
182 2565 279 2618 aut
311 2560 520 2620 factum
559 2560 622 2620 id
669 2581 791 2622 esse
830 2568 930 2622 aut
964 2561 1088 2620 fieri
1126 2561 1377 2661 petuisse
1417 2560 1703 2623 defendat.
1785 2559 1951 2619 Haeo
1986 2566 2073 2620 est
2120 2638 2131 2643 ‚

67 2639 147 2698 vis
167 2641 326 2703 huius
354 2646 503 2705 anuli
529 2652 587 2705 et
607 2648 767 2706 huius
798 2646 1060 2726 exempli.
1097 2647 1153 2704 si
1175 2664 1341 2709 nemo
1368 2648 1641 2720 sciturus,
1681 2663 1849 2705 nemo
1876 2663 1948 2705 ne
1975 2665 2073 2707 su·-
2106 2706 2117 2721 ‚

68 2725 367 2803 spicatums
408 2732 633 2809 quidem
687 2735 792 2805 sit,
864 2751 1035 2811 quum
1078 2732 1288 2809 aliquid
1343 2732 1692 2805 divitiarum,
1756 2731 2070 2809 potentiae,
2122 2786 2129 2795 ,

69 2808 482 2891 dominationis,
536 2816 780 2877 libidinis
818 2828 990 2878 eausa
1028 2819 1260 2899 seceris,
1305 2817 1353 2875 si
1391 2818 1454 2877 id
1491 2817 1598 2876 diis
1649 2816 2073 2893 hominibusque

66 2894 300 2959 futurum
323 2901 400 2961 sit
419 2922 642 2983 semper
662 2904 939 2980 ignotum·
984 2903 1132 2963 sisne
1152 2861 1447 2963 fae'turus?
1485 2934 1575 2947 —-·
1611 2900 1843 2979 Negant
1860 2903 1922 2961 id
1946 2902 2070 2962 fieri

65 2998 243 3057 posse.
287 3017 373 3032 --
413 2987 754 3066 Quanquam
781 2994 971 3068 potest
995 2988 1055 3048 id
1089 2989 1350 3065 quidem3
1394 2989 1499 3049 sed
1522 3005 1749 3066 quaero,
1791 2988 1944 3064 quod
1969 3005 2072 3049 ne-

67 3076 200 3141 gant
224 3091 411 3151 posse,
450 3073 511 3133 id
539 3074 586 3132 si
617 3080 830 3155 posset,
872 3074 1138 3151 quidnam
1159 3076 1409 3136 facerent
1426 3073 1458 3134 ‘3
1483 3102 1573 3120 ·-·
1614 3073 1839 3150 Urgent
1865 3074 2073 3133 rustice

67 3169 213 3214 sane.
261 3117 534 3236 ‘Negant
535 3162 685 3219 enim
718 3178 887 3240 posse
914 3160 1059 3220 etin
1091 3176 1160 3218 eo
1187 3166 1477 3238 perstant3
1519 3159 1625 3218 hoc
1660 3160 1891 3220 verbum
1930 3158 2070 3235 quid

65 3224 263 3315 valeat,
302 3262 416 3303 non
436 3246 644 3306 vident.
701 3246 893 3316 Quum
918 3246 1065 3305 enim
1096 3247 1410 3323 quaerimus
1424 3288 1443 3320 ‚
1486 3246 1534 3303 si
1556 3246 1774 3324 possint
1818 3240 2067 3322 [celare]‚
2177 3242 2184 3251 ⁴

67 3325 197 3399 quid
217 3329 412 3388 facturi
452 3332 590 3391 siut:
632 3351 747 3390 non
778 3332 1094 3409 quaerimus
1117 3331 1405 3410 possintne
1428 3330 1627 3404 oelare,
1670 3331 1774 3391 sed
1800 3336 2069 3406 tanquam

67 3411 340 3474 tormenta
367 3417 643 3493 quaedam
678 3416 1003 3478 adhibemus
1018 3460 1037 3492 ,
1078 3421 1171 3486 ut,
1201 3417 1266 3475 si
1302 3374 1695 3496 responderint
1735 3434 1798 3474 se
1828 3415 2079 3493 impuni-

66 3497 182 3554 tate
218 3501 503 3583 proposita
531 3503 773 3565 facturos
815 3504 971 3581 quod
1010 3501 1303 3583 expediat,
1350 3504 1695 3563 facinorosos
1729 3520 1793 3560 se
1833 3518 1959 3561 esse
1981 3500 2069 3559 fa·
