2417 3967
656 193 834 255 Lus.
874 193 975 255 111.
1033 194 1258 283 cst.
1307 201 1363 260 1.
1408 201 1465 262 2.
1529 170 1607 262 s:
1729 170 1733 175 ’
1806 186 1849 207 ’·
1962 195 2128 260 τι»

83 349 275 419 fuisse
305 349 547 412 videare.
635 350 752 412 Sed
789 348 930 413 haec
979 346 1276 410 hactenus:
1328 347 1507 410 multa
1555 349 1702 411 enim
1739 367 1908 433 saepe
1945 348 2023 410 ad
2054 352 2117 412 te

81 436 432 497 cohortandi
458 435 641 513 gratia
670 435 1227 515 scripsimus.ch
1250 435 1325 494 ad
1362 424 1631 514 reliquam
1658 440 1874 516 partem
1905 454 2116 516 propo-

81 523 242 583 sitae
263 522 548 581 divisionis
569 526 948 583 revertamur.

219 610 290 671 q,
334 605 632 667 Panaetius
671 609 879 684 igitur,
933 606 1029 684 qui
1056 600 1175 666 sine
1203 605 1577 666 controversia
1605 607 1678 666 de
1711 604 1909 666 officiis
1945 624 2111 665 accu-

76 691 379 753 ratissime
414 693 715 770 disputavit
748 712 1025 770 quemque
1063 712 1167 751 nos
1213 693 1553 752 correctione
1580 692 1820 768 quadam
1858 690 2112 759 adhibita
2212 690 2217 699 ¹

73 778 445 859 potissimum
479 780 680 838 secuti
691 798 879 837 sumus
891 822 909 853 ,
954 784 977 836 t
992 798 1019 836 r
1035 797 1055 837 ι
1049 779 1104 836 b
1120 797 1158 836 u
1171 799 1197 836 s
1238 797 1280 854 g
1295 797 1367 836 en
1384 797 1410 837 e
1423 797 1450 835 r
1464 798 1484 836 ι
1477 778 1532 836 b
1547 798 1585 836 u
1597 799 1625 836 s
1665 778 2110 856 propositiS,in

73 864 288 945 quibus
317 862 626 922 -deliberare
660 864 890 923 homines
919 869 971 922 et
1016 863 1314 922 consultare
1342 861 1406 921 de
1445 862 1616 941 officio
1648 863 1901 938 solerent,
1944 871 2111 939 uno,
2214 900 2221 909 -

75 964 260 1030 quum
298 947 606 1008 dubitarent
646 947 979 1029 honestumne
1005 949 1066 1008 id
1097 955 1260 1023 esset,
1304 947 1367 1006 de
1391 968 1492 1027 quo
1528 955 1797 1025 ageretur,
1836 968 1911 1007 an
1935 952 2107 1027 turpe,

72 1038 362 1108 altero,
431 1035 627 1094 utilene
668 1042 800 1094 esset
842 1055 915 1094 an
955 1034 1174 1109 inutile,
1220 1036 1477 1109 tertio,
1533 1038 1586 1093 si
1622 1035 1684 1093 id
1722 1032 1861 1113 quod
1882 1035 2104 1111 speciem

67 1123 306 1185 haberet
335 1120 541 1180 honesti
557 1128 830 1199 pugnaret
861 1140 980 1180 cum
1006 1141 1064 1180 eo
1093 1121 1235 1200 quod
1258 1119 1716 1194 utilevideretur,
1760 1118 2011 1198 quomodo
2038 1138 2106 1179 ea

67 1208 332 1272 discerni
358 1212 630 1284 oporteret,
657 1207 731 1268 de
762 1208 979 1266 duobus
1003 1208 1301 1285 generibus
1329 1206 1519 1286 primis
1542 1206 1717 1266 tribus
1743 1204 1898 1263 libris
1931 1204 2108 1285 expli·
2158 1240 2163 1249 -
2200 1218 2221 1231 ‘

66 1293 269 1372 cavit,
355 1311 402 1355 e
418 1295 576 1351 tertio
616 1298 802 1353 autem
842 1310 1028 1368 genere
1052 1293 1293 1371 deinceps
1316 1305 1370 1350 se
1403 1293 1622 1371 scripsit
1659 1291 1924 1350 dicturum
1937 1333 1958 1365 ,
2000 1309 2107 1353 nec
2176 1342 2181 1353 .

64 1291 473 1457 exsolviffiid]
518 1379 670 1454 quod
690 1379 1036 1456 promiserat.
1124 1380 1183 1443 8.
1232 1377 1401 1446 Quod
1430 1396 1499 1436 eo
1529 1378 1706 1453 magis
1727 1378 1928 1448 miror,
1972 1375 2107 1452 quia

60 1466 357 1544 scriptum
390 1481 427 1521 a
469 1463 740 1542 discipulo
784 1463 903 1523 eius
943 1461 1248 1522 Posidonio
1284 1468 1369 1521 est
1384 1504 1402 1535 ,
1445 1464 1680 1539 triginta
1711 1464 1867 1520 anuis
1901 1464 2104 1530 vixisse
2158 1518 2165 1523 .

63 1550 423 1613 Panaetium
437 1589 457 1619 ‚
493 1553 844 1626 posteaquam
871 1547 995 1606 illos
1034 1547 1194 1606 libros
1220 1547 1486 1607 edidisset.
1573 1547 1755 1615 Quem
1790 1545 1970 1605 locum
1997 1547 2104 1605 mi-

58 1655 176 1698 τοι
205 1653 243 1693 a
267 1631 572 1691 Posidonio
597 1632 839 1693 breviter
854 1652 977 1694 esse
1007 1634 1252 1692 tactum
1230 1653 1295 1698 m
1321 1632 1654 1708 quibusdam
1677 1631 2103 1706 commentariis,

53 1718 418 1805 praesertim
447 1736 618 1795 quum
643 1718 887 1793 scribat,
928 1718 1139 1778 nullum
1173 1738 1281 1779 esse
1323 1717 1527 1776 locum
1532 1719 1594 1776 in
1618 1723 1732 1777 tota
1763 1716 2105 1795 philosophia

54 1817 196 1871 tam
230 1805 604 1864 necessarium.
692 1807 752 1870 9.
807 1762 1041 1864 Minime
1080 1823 1214 1864 vero
1260 1804 1535 1863 assentior
1572 1804 1638 1862 iis
1653 1846 1672 1878 ‚
1729 1805 1827 1879 qui
1889 1807 2103 1879 negant

54 1908 201 1956 eum
236 1889 412 1955 locum
440 1909 477 1951 a
515 1886 784 1951 Panaetio
811 1893 1272 1968 praetermissum,
1304 1889 1397 1949 sed
1430 1888 1666 1948 consulto
1687 1888 1965 1964 relictum,
2005 1905 2102 1953 nec

53 1977 299 2041 omnino
323 1972 650 2035 scabendum
678 1972 896 2053 fuisse,
947 1979 1075 2056 quia
1116 1994 1387 2055 nunquam
1410 1980 1590 2056 posset
1629 1974 1936 2034 utilitas
1979 1993 2127 2035 cums

52 2065 98 2125 la
120 2083 216 2123 on
234 2065 478 2120 estate
509 2079 774 2138 pugnare.
858 2061 951 2122 De
991 2081 1104 2140 quo
1140 2061 1375 2121 alterum
1411 2067 1600 2141 potest
1635 2060 1843 2122 habere
1876 2060 2101 2123 dubita·-

45 2153 327 2219 tionem‚
367 2145 816 2206 adhibendumne
841 2147 1016 2209 fuerit
1032 2146 1137 2205 hoc
1167 2166 1375 2222 genus,
1419 2147 1574 2224 quod
1607 2147 1666 2204 in
1690 2147 1961 2206 divisione
1984 2144 2098 2204 Pa-

47 2233 232 2297 naeti
264 2231 491 2291 tertium
518 2236 637 2304 est,
679 2249 754 2290 an
781 2231 947 2311 plane
980 2232 1382 2304 omittendum3
1423 2231 1655 2292 alterum
1698 2231 1937 2290 dubitari
1977 2247 2096 2291 non

42 2322 299 2403 potest,
344 2317 478 2394 quin
507 2336 543 2376 a
575 2315 844 2376 Panaetio
875 2322 1191 2397 susceptum
1219 2318 1322 2393 sit,
1367 2317 1467 2375 sed
1494 2317 1758 2376 relictum.
1812 2315 1992 2375 Nam
1997 2314 2096 2393 qui

47 2428 90 2469 e
138 2403 429 2469 divisione
467 2402 743 2481 tripartita
783 2403 922 2461 duas
965 2409 1154 2481 partes
1194 2403 1531 2475 absolverit,
1572 2401 1700 2461 huic
1739 2421 1967 2461 necesse
2007 2404 2096 2460 est

40 2494 296 2553 restare
319 2486 558 2547 tertiam.
642 2486 994 2547 Praeterea
980 2507 1040 2545 ιιι
1079 2494 1326 2548 extremo
1353 2489 1492 2546 iibro
1520 2488 1685 2547 tertio
1726 2487 1790 2545 de
1819 2488 1918 2545 hac
1934 2491 2096 2564 parte
2150 2528 2163 2541 .
2272 2534 2281 2561 2

38 2574 364 2658 pollicetur
391 2590 446 2630 se
471 2571 715 2650 deinceps
763 2591 870 2631 esse
908 2572 1193 2632 dicturum.
1287 2576 1385 2639 10.
1430 2570 1680 2632 Accedit
1697 2573 1897 2633 eodem
1935 2572 2094 2631 testis

37 2657 327 2737 locuples
364 2655 731 2732 Posidonius,
772 2658 870 2736 qui
908 2657 1078 2718 etiam
1119 2659 1356 2718 scribit
1341 2678 1399 2718 ιιι
1429 2656 1669 2735 quadam
1694 2657 1965 2737 epistola,
2023 2655 2095 2716 P.

36 2743 357 2823 ,Rutilium
374 2741 597 2821 Rufum
622 2742 795 2803 dicere
823 2742 1005 2845 solere,
1042 2745 1137 2822 qui
1160 2744 1489 2804 Panaetium
1507 2744 1778 2819 audierat,
1817 2749 1922 2819 „ut
1946 2761 2094 2802 nemo

28 2834 245 2914 pictor
276 2833 408 2887 esset
439 2831 716 2902 inventus,
763 2832 859 2908 qui
881 2828 1019 2889 Coae
1059 2829 1272 2889 Veneris
1298 2849 1413 2888 eam
1444 2834 1656 2906 partem
1671 2872 1690 2904 ,
1737 2849 1896 2908 quam
1932 2826 2096 2907 Apel-

34 2920 131 2979 les
194 2913 510 2974 inchoatam
551 2914 890 2993 reliquisset,
942 2914 1264 2974 absolveret.-
1250 2918 1323 2950 ·“
1376 2914 1517 2992 (oris
1558 2916 1705 2975 enim
1744 2914 2092 2994 pulchritudo

31 3000 273 3078 reliqui
305 2999 546 3079 corporis
584 2998 833 3061 imitandi
860 3020 1020 3081 spem
1058 3002 1346 3061 auferebat
1357 3003 1463 3078 ;,)
1469 3020 1580 3073 stc
1593 3020 1684 3075 ea,
1729 3020 1866 3080 quae
1877 2999 2095 3060 Panae-

31 3093 177 3149 tius
210 3088 658 3164 praetermisisset
696 3092 749 3145 et
786 3106 891 3146 non
916 3086 1260 3165 perfecisset,
1296 3092 1511 3165 propter
1533 3106 1708 3149 eorum
1742 3106 1877 3230 quae
1907 3086 2096 3168 perfe-

28 3177 224 3235 cisset
245 3175 638 3248 praestantiam
653 3213 673 3243 ‚
714 3175 965 3232 neminem
991 3192 1098 3233 esse
1115 3178 1460 3252 persecutum.
1465 3175 1508 3207 “

189 3255 298 3316 111.
354 3259 453 3320 11
497 3254 681 3326 Quam
710 3256 783 3315 ob
809 3277 924 3319 rem
956 3259 1030 3319 de
1059 3259 1261 3318 iudicio
1284 3257 1519 3318 Panaeti
1551 3258 1790 3318 dubitari
1817 3276 1931 3317 non
1959 3264 2092 3338 pot-

28 3347 179 3415 est,
227 3346 457 3417 rectene
494 3348 679 3402 autem
716 3341 860 3403 hanc
902 3344 1123 3404 tertiam
1161 3351 1378 3423 partem
1412 3346 1486 3403 ad
1528 3345 1930 3422 exquirendum
1961 3342 2092 3403 offi-

28 3432 213 3492 cium
247 3410 561 3485 adiunxerit
586 3446 660 3486 an
687 3446 865 3500 securi,
907 3429 982 3491 de
1010 3449 1077 3489 eo
1107 3432 1341 3489 sortasse
1374 3430 1643 3509 disputari
1673 3435 1881 3509 potest.
1937 3427 2090 3489 Nam

28 3516 175 3576 sive
208 3511 513 3573 honestum
543 3512 719 3573 solum
750 3513 960 3575 bonum
986 3520 1111 3591 est,
1148 3521 1210 3577 ut
1237 3515 1440 3620 Stoicis
1476 3514 1729 3664 purget,
1734 3515 1855 3575 sive
1868 3557 1890 3589 ,
1934 3514 2092 3593 quod
