2417 3967
879 74 908 93 ‘s

361 356 368 363 ,
537 274 653 341 ,DE
700 254 959 339 nom-E
1000 281 1342 339 Armcm
1380 259 1727 339 mNomsz'
2010 270 2015 273 ⁴
2050 284 2177 347 177

88 427 162 552 iblli
175 466 193 492 ,
229 427 326 482 sed
357 427 488 484 Gaio
510 444 748 500 quoque,
784 428 1084 486 fervidioris
1111 428 1307 500 ingenii
1333 428 1448 485 viro
1461 469 1479 496 ,
1513 430 1751 487 tribuere
1782 445 1885 490 non
1913 429 2009 484 du—
2062 431 2074 439 ‘

123 497 340 552 itarunt.
1698 522 1706 526 ·

964 619 1015 683 §-
1086 618 1140 673 5.
1676 630 1687 635 ·
1844 628 1861 639 “
2196 631 2220 673 s

231 703 498 758 Accedere
546 707 718 756 autem
760 703 1050 776 quaestioni
1086 703 1394 825 propositae
1422 706 1546 759 inde
1576 703 2017 775 quoque‘videtur

89 773 327 843 gravitas
356 773 609 842 quaedam
636 780 690 825 et
714 775 912 843 pondus
928 813 944 838 ‚
983 791 1083 842 quo
1153 786 1322 826 Vtrum
1351 792 1477 828 suae
1509 775 1698 827 aetatis
1725 773 1880 825 facile
1905 773 2019 842 pri-

20 901 21 904 *
87 843 307 899 matium
346 843 528 895 eodem
553 842 669 911 ipso
699 850 933 910 tempore
959 843 1085 894 fatis
1124 842 1357 896 functum
1384 844 1617 897 videmus
1653 845 1825 911 (anno
1855 842 1922 895 V.
1955 841 2018 893 C.

20 973 21 976 Ἴ
88 911 256 979 624.)
274 950 291 975 ‚
330 928 431 979 quo
462 911 758 979 respublica
794 912 943 964 Rom.
972 911 1158 964 iterum
1179 911 1445 965 intestinis
1482 913 1756 965 discordiis
1787 916 1842 964 et
1868 909 2021 963 moti·-

20 983 25 1050 ᾗ
87 982 189 1034 bus
222 980 409 1032 civium
438 980 899 1041 vehementissimis
932 984 998 1033 et
1015 980 1278 1034 acerrimis
1309 981 1573 1049 exagitata
1590 982 1890 1044 laboraret3
1922 995 2021 1031 un·-

18 1053 27 1118 'j
91 1051 161 1102 de
189 1055 393 1118 quanta·
419 1047 753 1100 festinatione
780 1055 833 1101 et
864 1067 1014 1118 quam
1041 1048 1452 1119 praecipitanter
1480 1050 1796 1103 continentia
1833 1055 1890 1102 et
1911 1065 2021 1103 moe

18 1129 26 1138 “
90 1118 303 1175 deratio
345 1123 580 1170 veterum
608 1116 948 1170 Romanorum
980 1119 1048 1178 ad
1078 1117 1329 1187 pessimas
1357 1137 1592 1189 quasque
1636 1127 1776 1172 artes
1819 1119 1889 1171 sit
1928 1117 2023 1170 de·-

18 1200 23 1250 ζ
88 1188 262 1257 lapsa,
302 1192 546 1256 quantum
577 1186 797 1241 studium
827 1188 1028 1255 patriae
1057 1188 1346 1240 servandae
1372 1194 1428 1241 et
1456 1189 1738 1257 augendae,
1776 1186 2024 1256 propriae

20 1263 27 1325 ζ
90 1255 341 1310 utiiitatis
373 1254 564 1318 studio,
601 1254 870 1320 avaritiae,
909 1255 1192 1321 ambitioni,-
1229 1251 1463 1314 luxuriae
1489 1258 1788 1327 optimatum
1810 1255 2027 1325 potissi—

18 1338 30 1349 *
90 1338 232 1379 mum
272 1324 521 1387 cesserit,
560 1329 615 1376 et
641 1325 892 1393 quomodo
917 1325 1166 1391 Romani,
1199 1321 1349 1378 vario
1386 1326 1614 1391 scelere,
1652 1331 1707 1379 et
1736 1325 1942 1395 publico
1973 1327 2030 1376 et

89 1395 327 1466 privato,
345 1392 450 1463 ipsi
462 1392 518 1445 in
545 1410 689 1445 suam
715 1392 941 1462 ipsorum
965 1394 1247 1463 perniciem
1273 1392 1501 1446 ruerint:
1538 1395 1591 1448 id
1622 1396 1827 1464 quidem
1853 1407 2029 1445 omnes

91 1470 306 1526 norunt,
345 1462 435 1531 qui
460 1462 680 1530 aliquam
708 1468 907 1515 tantum
939 1468 993 1514 et
1017 1462 1183 1515 levem
1207 1480 1380 1515 rerum
1405 1463 1714 1528 aRomanis,
1751 1469 1808 1518 et
1832 1463 1888 1517 in
1914 1460 2029 1517 bel—-

27 1576 31 1580 .
91 1532 145 1589 lo
176 1537 236 1586 et
266 1531 324 1585 in
343 1537 481 1601 toga
506 1537 791 1600 gestarum,
829 1530 1175 1601 cognitionem
1202 1530 1306 1584 sibi
1337 1537 1671 1601 paraverunt·

970 1672 1025 1735 §-
1096 1670 1150 1723 6.

239 1754 303 1810 In
331 1753 427 1807 tali
462 1768 591 1807 vero
618 1757 778 1824 atque
803 1755 982 1816 tantae
1020 1751 1299 1822 gravitatis
1339 1750 1589 1812 historiae
1616 1752 1765 1829 Rom.
1792 1749 2028 1822 periodo,
2046 1764 2092 1816 p-
2107 1747 2158 1803 5.
2208 1752 2225 1761 ⁹

18 1826 30 1878 ζ
91 1841 236 1896 quae
258 1823 591 1893 plurimorum
604 1863 620 1888 ,
674 1841 809 1892 quae
847 1824 1183 1892 sequentibus
1226 1823 1545 1893 temporibus
1570 1822 1816 1891 Romanis
1848 1825 1902 1873 et
1928 1820 2027 1872 tri-

18 1897 28 1955 }
91 1893 333 1948 atissima
356 1898 411 1945 et
437 1893 654 1945 maxime
681 1894 893 1946 funesta
921 1892 1251 1957 acciderunt,
1305 1893 1500 1946 semina
1538 1893 1686 1962 quasi
1719 1890 1948 1944 continet
1976 1894 2032 1942 et

94 1980 324 2026 causaS,
374 1962 593 2031 quisque
624 1963 902 2026 concedet,
956 1976 1052 2013 nec
1082 1980 1146 2014 ea
1180 1963 1470 2030 spernenda
1496 1981 1614 2015 esse
1653 1966 1811 2031 atque
1847 1960 1903 2012 vi
1935 1975 2032 2012 sua

18 2081 23 2100 ÷
90 2049 287 2086 carere
301 2069 319 2095 ‚
373 2047 508 2100 quae
588 2031 715 2084 rimo
747 2026 975 2083 forsitan
1015 2032 1271 2101 adspectu
1302 2031 1504 2086 leviora
1546 2034 1602 2086 et
1638 2028 1892 2099 singulari
1921 2028 2030 2083 dis-

20 2103 25 2168 }
93 2099 387 2178 quisitione
423 2099 514 2152 vix
579 2100 704 2169 igna
738 2099 909 2155 videri
934 2100 1151 2176 possint.
1169 2098 1186 2121 ἶ
1300 2158 1305 2162 ,
1580 2156 1588 2181 z

18 2221 27 2248 ἶ
243 2186 427 2249 Quare
458 2190 514 2240 et
537 2204 632 2238 nos
663 2187 730 2238 de
757 2186 1017 2257 Scipionis
1046 2183 1315 2240 Aemiliani
1345 2184 1512 2238 morte
1537 2174 1889 2253 quaestionem
1916 2185 2032 2239 lau·

20 2272 23 2280 ’
93 2256 297 2320 datam,
321 2254 553 2324 inprimis
580 2268 693 2308 cum
721 2254 1117 2308 difficultatibus
1138 2253 1335 2306 criticis
1360 2254 1496 2306 haud
1524 2255 1918 2319 contemnendis
1935 2254 2030 2307 im-

18 2358 31 2387 „s
93 2324 288 2396 plicita
316 2324 401 2388 sit,
433 2329 488 2381 et
520 2324 715 2394 aliquid
743 2325 924 2376 saltem
953 2324 1017 2375 ad
1043 2328 1271 2376 motuum'
1297 2340 1393 2391 per
1411 2318 1683 2375 Gr'acchos
1709 2322 2045 2392 exci[*-ta-*]‘

92 2401 274 2447 torum
301 2392 556 2449 rationem
571 2431 586 2456 ‚
637 2394 968 2476 virorumque
1001 2391 1218 2444 istorum
1257 2408 1553 2459 magnorum
1580 2392 1837 2460 ingenium
1876 2391 2030 2461 paulo

95 2461 342 2535 apertius
384 2462 746 2514 declarandum
784 2467 837 2514 et
863 2461 1076 2514 liberius
1104 2459 1486 2515 diiudicandum
1515 2461 1680 2513 faciat
1694 2499 1710 2525 ‚
1760 2479 1862 2513 non
1894 2459 2032 2512 indi·-

95 2549 258 2602 gnam
296 2530 638 2589 iudicavimus
655 2569 671 2595 ‚
721 2548 870 2598 quam
906 2528 1157 2599 singulari
1184 2529 1546 2584 commentario
1579 2533 1920 2584 retractatam
1948 2526 2031 2582 vi-

20 2639 23 2660 2
94 2616 282 2656 rorum
318 2599 587 2652 doctorum
614 2598 822 2651 iudicio·
843 2617 1261 2669 proponeremus.
1958 2608 1975 2645 Ν

244 2685 333 2739 Ad
377 2683 509 2744 hanc
550 2688 718 2736 autem
751 2684 1103 2753 quaestionem
1137 2688 1289 2737 recte
1324 2683 1686 2740 instituendam
1723 2688 1779 2738 at
1815 2701 1883 2736 ue
1916 2683 2036 2737 illu-

21 2760 25 2798 f
98 2755 401 2825 strandam,
455 2769 622 2822 pauca
652 2752 885 2823 praefari
924 2753 1083 2808 liceat
1127 2754 1193 2808 de
1223 2753 1322 2821 iis,
1374 2772 1508 2829 quas
1536 2759 1750 2811 mortem
1821 2752 2037 2826 cipionis
2092 2786 2132 2825 χ

97 2824 344 2897 proxime
365 2821 764 2894 praecesserint.

561 2950 566 2959 ι

984 2962 1037 3028 §-
1106 2961 1159 3019 7.

249 3045 330 3100 Et
357 3043 617 3115 Scipionis
694 3045 864 3100 uidem
891 3045 1126 3101 Africani
1154 3049 1299 3100 aetas
1345 3050 1576 3101 extrema
1617 3046 1671 3101 in
1704 3061 1769 3100 ea
1804 3050 2041 3118 tempora

35 3174 52 3179 ,
101 3114 330 3179 incidit,
370 3116 555 3185 quibus
603 3117 668 3169 de
689 3124 776 3168 eta
799 3114 1118 3184 Carthagine
1161 3122 1217 3169 et
1244 3117 1516 3171 debellatis
1557 3116 1884 3172 Numantinis
1900 3156 1916 3181 ‚
1972 3117 2039 3170 ab

101 3186 341 3239 hostium
370 3191 662 3239 exterorum
695 3191 835 3238 metu
871 3186 1091 3239 liberata
1117 3185 1432 3255 Respublica
1462 3189 1610 3241 Rom.
1635 3187 1826 3240 intimis
1855 3185 2042 3239 civium

102 3268 323 3307 suorum
352 3254 572 3309 motibus
608 3272 671 3307 ac
703 3255 977 3309 discordiis
1007 3255 1188 3308 maiori
1223 3255 1378 3308 etiam
1405 3258 1639 3328 periculo
1666 3263 1720 3308 et
1749 3255 2043 3309 calamitate

101 3323 279 3394 premi
314 3321 504 3391 coepit.
573 3324 755 3394 Scipio
790 3330 958 3377 autem
975 3362 991 3389 ,
1030 3324 1119 3395 qui
1152 3342 1218 3377 ex
1250 3326 1480 3379 omnibus
1496 3365 1511 3391 ‚
1554 3326 1748 3397 -quibus
1785 3322 2039 3387 interfuit,

104 3399 162 3446 et
189 3408 337 3461 quae
365 3391 479 3460 ipse
506 3393 689 3459 gessit,
735 3393 903 3457 bellis,
942 3412 967 3446 s
1088 3412 1144 3448 er
1167 3393 1339 3447 victor
1369 3413 1554 3464 magna
1597 3412 1709 3447 cum
1737 3392 1905 3462 gloria
1932 3391 2042 3445 dis-

105 3466 374 3524 cesserat,
403 3466 559 3549 atque
588 3463 690 3516 duo
721 3410 1199 3547 gravhsmffiella
1229 3462 1529 3519 felicissime
1555 3464 1928 3535 composuerat,
1947 3458 2044 3514 mi·-
