2417 3967
875 80 904 99 ‘s

356 362 364 370 .
447 326 452 331 r
533 280 648 347 ,DE
695 243 955 344 M'on'rn
996 287 1337 344 Armom
1376 264 1723 344 mNomst'
1790 361 1797 367 p
1850 318 1857 323 π
2046 288 2172 351 ιττ

86 433 190 558 21³3,
226 433 320 488 sed
352 433 483 490 Gaio
506 450 715 506 quoque
728 472 744 500 ,
780 433 1080 491 fervidioris
1107 434 1303 506 ingenii
1329 433 1444 490 viro
1457 474 1475 501 ‚
1509 436 1753 491 tribuere
1778 451 1881 495 non
1908 434 2005 489 du—
2056 434 2070 445 ‘

120 511 335 558 itarunt.
1692 526 1701 531 ·

960 624 1011 690 s.
1082 623 1135 693 5.
1672 634 1683 641 ·
1838 632 1851 641 “
2192 635 2216 677 s

227 708 494 764 Accedere
542 710 714 762 autem
754 698 1046 780 quaestioni
1082 709 1390 830 propositae
1418 711 1542 764 inde
1571 708 2013 780 quoque‘videtur
2146 772 2149 777 ἱ

20 781 21 786 ’
85 778 323 849 gravitas
352 779 605 848 quaedam
632 785 685 831 et
709 780 908 847 pondus
924 817 941 842 ,
979 796 1080 848 quo
1149 793 1318 832 Vtrum
1347 796 1473 834 suae
1504 779 1693 832 aetatis
1721 777 1876 830 facile
1901 777 2015 846 pri·-
2074 828 2079 833 .

18 905 25 922 2
83 849 303 905 matium
342 848 524 901 eodem
549 848 665 917 ipso
695 853 929 915 tempore
956 847 1081 899 fatis
1120 847 1353 903 functum
1381 849 1612 902 videmus
1649 850 1821 916 (anno
1851 846 1918 899 V.
1951 845 2014 897 C.

18 977 26 982 ,
84 917 252 985 624.)
270 956 287 981 ,
326 934 426 985 quo
456 916 754 985 respublica
790 917 939 970 Rom.
965 917 1154 969 iterum
1178 916 1441 969 intestinis
1478 918 1752 970 discordiis
1783 921 1838 968 et
1865 912 2017 967 moti·-

18 993 28 1054 ss
84 988 186 1039 bus
218 986 406 1038 civium
434 985 895 1047 vehementissimis
929 991 983 1038 et
1011 985 1275 1038 acerrimis
1304 987 1569 1054 exagitata
1586 987 1887 1049 laboraret3
1919 1000 2017 1036 un·-

18 1070 29 1122 'j
87 1057 157 1108 de
186 1062 389 1124 quanta·
415 1053 748 1106 festinatione
776 1060 830 1106 et
859 1072 1011 1125 quam
1037 1053 1447 1124 praecipitanter
1477 1055 1791 1108 continentia
1829 1058 1886 1106 et
1907 1070 2018 1107 moe

18 1133 28 1185 ἦ
86 1124 299 1181 deratio
341 1129 576 1176 veterum
605 1122 945 1176 Romanorum
977 1124 1044 1183 ad
1074 1123 1325 1193 pessimas
1353 1142 1588 1194 quasque
1632 1132 1774 1177 artes
1815 1123 1885 1176 sit
1925 1122 2020 1174 de·-
2112 1132 2117 1136 ’

20 1208 25 1254 ζ
84 1194 258 1263 lapsa,
298 1198 542 1262 quantum
573 1192 793 1247 studium
824 1193 1025 1261 patriae
1053 1193 1343 1245 servandae
1369 1200 1425 1246 et
1452 1194 1746 1262 augendae,
1773 1191 2021 1261 propriae

20 1268 29 1329 ζ
86 1261 337 1316 utilitatis
369 1261 560 1324 studio,
598 1260 866 1325 avaritiae,
905 1261 1188 1326 ambitioni,-
1226 1256 1459 1319 luxuriae
1485 1263 1785 1331 optimatum
1807 1260 2023 1330 potissi—

18 1335 28 1354 μ
86 1344 228 1385 mum
269 1330 517 1393 cesserit,
556 1335 612 1382 et
637 1331 889 1399 quomodo
913 1330 1161 1397 Romani,
1196 1326 1346 1383 vario
1382 1331 1610 1396 scelere,
1648 1336 1704 1384 et
1733 1330 1938 1400 publico
1969 1332 2027 1380 et

85 1401 325 1472 privato,
342 1398 445 1469 ipsi
459 1398 514 1451 in
542 1414 685 1451 suam
711 1399 937 1468 ipsorum
961 1399 1244 1469 perniciem
1269 1398 1497 1451 ruerint:
1533 1400 1588 1453 id
1618 1400 1823 1468 quidem
1851 1412 2025 1450 omnes

86 1475 304 1533 norunt,
342 1468 430 1536 qui
456 1467 677 1536 aliquam
705 1473 903 1520 tantum
935 1475 989 1519 et
1013 1469 1180 1520 levem
1202 1485 1376 1520 rerum
1402 1486 1434 1519 a
1447 1469 1711 1533 Romanis,
1748 1475 1805 1523 et
1828 1468 1884 1522 in
1910 1465 2025 1522 bel—-

87 1538 141 1595 lo
173 1544 233 1592 et
263 1538 321 1591 in
341 1544 477 1607 toga
503 1543 787 1606 gestarum,
825 1536 1172 1606 cognitionem
1200 1535 1303 1589 sibi
1334 1542 1667 1606 paraverunt.

967 1677 1021 1740 §-
1093 1675 1147 1728 6.

236 1760 301 1816 In
329 1758 425 1813 tali
459 1774 588 1813 vero
615 1763 775 1830 atque
800 1763 979 1821 tantae
1017 1756 1296 1827 gravitatis
1336 1755 1585 1817 historiae
1613 1757 1762 1812 Rom.
1789 1755 2024 1827 periodo,
2043 1769 2090 1821 p.
2104 1751 2155 1807 5.
2204 1758 2222 1765 ”

18 1829 26 1884 ἶ
88 1847 233 1902 qnae
257 1829 588 1899 plurimorum
601 1868 617 1894 ,
671 1847 806 1898 quae
844 1829 1179 1898 sequentibus
1223 1828 1542 1898 temporibus
1567 1824 1813 1896 Romanis
1845 1830 1899 1878 et
1925 1825 2024 1877 tri-

18 1895 23 1966 ]
87 1899 331 1954 stissima
353 1903 407 1951 et
433 1899 651 1952 maxime
678 1900 890 1953 funesta
918 1898 1248 1962 acciderunt,
1302 1897 1496 1952 semina
1535 1898 1683 1968 quasi
1716 1895 1945 1949 continet
1973 1899 2029 1947 et

20 1971 30 2036 ss>
90 1986 322 2033 causas,
371 1968 590 2037 quisque
621 1969 899 2032 concedet,
953 1982 1049 2019 nec
1079 1982 1143 2019 ea
1177 1968 1467 2035 spernenda
1493 1986 1610 2020 esse
1650 1973 1808 2035 atque
1845 1964 1901 2017 vi
1932 1980 2029 2017 sua

22 2042 25 2043 ⁷
87 2055 284 2092 carere
300 2075 316 2101 ‚
370 2053 505 2105 quae
584 2036 712 2089 rimo
744 2037 968 2089 forsitan
1012 2038 1268 2106 adspectu
1300 2036 1501 2091 leviora
1543 2039 1599 2091 et
1635 2033 1889 2105 singulari
1918 2032 2028 2088 dis·-

91 2106 384 2184 quisitione
420 2104 511 2158 vix
576 2105 701 2175 igna
735 2105 906 2161 videri
931 2105 1149 2183 possint.
1167 2102 1184 2123 ²
1579 2172 1585 2185 ¹

20 2225 23 2252 ς
240 2192 424 2255 Quare
455 2196 511 2246 et
535 2193 727 2244 nos‘de
754 2192 1013 2261 Scipionis
1044 2188 1312 2245 Aemiliani
1342 2190 1509 2243 morte
1534 2179 1886 2258 quaestionem
1913 2189 2029 2244 lau·

18 2293 25 2322 3
90 2262 295 2326 datam,
318 2260 551 2330 inprimis
577 2276 690 2313 cum
719 2260 1115 2313 difficultatibus
1136 2258 1332 2311 criticis
1357 2259 1493 2311 haud
1521 2260 1916 2324 contemnendis
1933 2259 2028 2312 im-

20 2365 25 2392 =
90 2330 284 2403 plicita
313 2330 399 2394 sit,
430 2336 485 2387 et
518 2330 711 2400 aliquid
740 2330 922 2382 saltem
950 2329 1014 2380 ad
1041 2334 1269 2381 motumn'
1295 2345 1390 2396 per
1409 2324 1681 2380 Gracchos
1706 2327 2025 2397 exci[*-ta-*]

89 2408 271 2454 torum
299 2399 553 2455 rationem
568 2437 583 2462 ‚
635 2399 965 2481 virorumque
998 2398 1215 2450 istorum
1254 2414 1550 2464 magnorum
1577 2397 1835 2465 ingenium
1873 2396 2028 2466 paulo

92 2468 339 2541 apertius
381 2467 744 2520 declarandum
781 2472 835 2519 et
860 2467 1073 2520 liberius
1103 2465 1483 2519 diiudicandum
1513 2464 1676 2519 faciat
1691 2505 1707 2530 ‚
1758 2483 1860 2518 non
1892 2465 2029 2518 indi·-

92 2555 256 2609 gnam
294 2536 635 2588 iudicavimus
652 2575 668 2600 ‚
718 2553 868 2604 quam
904 2534 1154 2604 singulari
1181 2534 1544 2589 commentario
1578 2538 1918 2589 retractatam
1946 2531 2029 2587 vi·

92 2623 280 2662 rorum
316 2605 585 2658 doctorum
611 2604 820 2658 iudicio‘
841 2623 1259 2675 proponeremus.
1458 2650 1461 2651 γ
1956 2612 1997 2651 5·

242 2692 331 2746 Ad
374 2689 506 2751 hanc
547 2694 716 2742 autem
748 2689 1101 2758 quaestionem
1135 2693 1287 2742 recte
1322 2688 1684 2745 instituendam
1720 2692 1776 2743 at
1813 2705 1881 2741 ue
1914 2688 2035 2742 illu·-

95 2762 398 2823 strandam‚
453 2775 620 2828 pauca
649 2758 883 2830 praefari
922 2759 1081 2815 liceat
1124 2759 1191 2814 de
1220 2759 1319 2826 iis,
1371 2777 1506 2835 quae
1533 2764 1747 2815 mortem
1819 2758 2036 2831 cipionis
2089 2791 2129 2829 χ

95 2831 341 2904 proxime
363 2828 762 2900 praecesserint.

982 2966 1239 3034 §.2²

246 3052 328 3107 Et
354 3049 615 3121 Scipionis
692 3051 862 3106 uidem
889 3052 1124 3127 Africani
1151 3054 1297 3106 aetas
1343 3056 1574 3107 extrema
1615 3052 1669 3106 in
1702 3065 1766 3106 ea
1802 3055 2039 3123 tempora

99 3122 328 3186 incidit,
367 3123 553 3191 quibus
601 3124 665 3175 de
687 3129 774 3175 eta
798 3123 1115 3190 Carthagine
1159 3127 1215 3174 et
1241 3123 1513 3177 debellatis
1555 3121 1882 3177 Numantinis
1898 3160 1914 3185 ‚
1970 3121 2037 3175 ab

99 3193 338 3246 bostium
367 3197 659 3244 exterorum
693 3197 833 3244 metu
869 3192 1088 3246 liberata
1114 3191 1430 3261 Respublica
1460 3194 1608 3246 Rom.
1633 3192 1824 3245 intimis
1854 3190 2040 3244 civium

100 3276 321 3314 suorum
349 3260 570 3315 motibus
606 3278 669 3313 ac
701 3260 975 3315 discordiis
1005 3260 1186 3314 maiori
1221 3261 1375 3314 etiam
1403 3263 1637 3333 periculo
1664 3268 1718 3313 et
1747 3260 2041 3314 calamitate

98 3330 276 3401 premi
311 3327 501 3397 coepit.
571 3330 753 3399 Scipio
788 3336 956 3383 autem
973 3369 989 3394 ‚
1028 3330 1117 3400 qui
1150 3348 1216 3383 ex
1247 3331 1478 3385 omnibus
1493 3371 1510 3396 ,
1552 3331 1747 3400 -quibus
1784 3326 2038 3391 interfuit,

101 3406 159 3453 et
186 3415 334 3468 quae
362 3397 476 3467 ipse
504 3399 688 3466 gessit,
733 3399 902 3463 bellis,
940 3417 1045 3452 sem
1086 3417 1143 3453 er
1164 3399 1336 3454 victor
1367 3418 1553 3469 magna
1595 3417 1707 3452 cum
1735 3397 1903 3467 gloria
1930 3396 2040 3469 dis-

101 3472 371 3531 cesserat,
401 3473 556 3556 atqpe
586 3469 690 3522 duo
720 3467 1031 3554 gravissima
1045 3416 1197 3524 bella
1227 3468 1528 3524 felicissime
1553 3469 1926 3541 composuerat,
1946 3462 2043 3519 mi-

119 3734 146 3747 f
