2417 3967
432 262 502 293 ι*
562 264 729 328 Lm.
770 266 815 327 1.
869 255 1096 328 ear.
1140 272 1244 334 22.
1289 264 1538 359 esseni.
1917 270 2058 334 «23

101 412 277 477 xxm.
333 422 394 485 7
395 423 472 486 9
508 422 750 494 Omnino
799 420 940 482 illud
988 422 1314 498 honestum,
1383 423 1538 500 quod
1589 440 1658 483 ex
1714 421 1941 483 animo
1960 443 2056 486 ex-

98 500 220 571 celso
275 509 673 586 magnificoque
732 510 1076 586 quaerimus,
1157 508 1329 568 animi
1365 508 1601 568 efficitur
1618 553 1635 584 ,
1701 528 1815 568 non
1853 529 2058 597 corpo-

96 586 160 645 ris
181 588 385 651 viribus.
468 592 855 653 Exercendum
886 600 1073 654 tamen
1100 614 1301 672 corpus
1344 599 1405 653 et
1440 593 1543 652 ita
1559 590 1912 655 afficiendum
1936 602 2060 666 est,
2158 652 2162 663 ,

93 677 145 728 ιιι
159 675 376 737 obedire
391 679 629 738 consilio
670 679 988 757 rationique
1033 680 1250 758 possit
1234 697 1293 737 ιιι
1324 664 1692 755 exsequendis
1724 680 1982 758 negotiis
1997 686 2060 741 et

95 755 143 815 in
166 756 342 829 labore
364 764 668 824 tolerando.
752 764 1070 824 Honestum
1090 770 1279 824 autem
1307 763 1384 847 id,
1417 764 1568 841 quod
1590 765 1938 843 exquirimus,
1966 770 2061 829 to-

91 842 188 901 tuln
214 854 298 906 est
325 851 566 927 positum
593 849 652 908 in
677 850 844 908 animi
886 869 1015 908 cura
1040 856 1099 909 et
1129 850 1500 925 cogitatione3
1542 849 1602 907 in
1649 868 1763 927 quo
1801 870 1919 910 non
1951 851 2062 910 mi·-

90 942 255 990 norem
281 934 565 994 utilitatem
590 935 848 1010 afferunt,
875 936 970 1012 qui
993 935 1171 1010 togati
1195 934 1276 994 rei
1300 932 1553 1017 publicae
1574 942 1865 1014 praesunt,
1890 926 2057 1014 quain
2106 996 2113 1003 ,

89 1012 168 1088 qui
189 1017 379 1078 bellum
411 1025 631 1099 gerunt.
714 1019 912 1097 Itaque
939 1040 1128 1080 eorum
1159 1018 1387 1079 consilio
1414 1037 1584 1098 saepe
1610 1025 1840 1083 autnon
1871 1041 2058 1082 susce-

86 1102 169 1173 pta
198 1110 289 1162 aut
327 1109 582 1165 confecta
610 1104 751 1165 bella
785 1110 948 1180 sunt,
997 1118 1396 1182 nonnunquam
1441 1105 1608 1164 etiam
1648 1103 1830 1165 illata:
1871 1113 1937 1166 ut
1971 1104 2056 1168 Μ.
2075 1176 2081 1185 Ι

88 1180 290 1247 Catonis
316 1190 518 1250 bellum
540 1188 812 1250 Punicum
836 1191 1077 1266 tertium,
1116 1191 1176 1249 in
1200 1206 1335 1268 quo·
1342 1189 1507 1250 etiam
1532 1191 1735 1250 mortui
1758 1190 1929 1252 valuit
1952 1210 2056 1252 au-

84 1271 305 1333 ctoritas.
377 1279 497 1340 80.
542 1276 734 1346 Quare
779 1278 1092 1355 expetenda
1129 1276 1357 1355 quidem
1392 1277 1579 1352 magis
1611 1282 1695 1336 est
1723 1274 2059 1338 decernendi
2114 1277 2149 1329 ¹-

86 1357 208 1416 ratio
234 1376 396 1436 quam
428 1353 755 1420 decertandi
793 1362 1063 1421 fortitudo
1079 1404 1097 1436 ,
1144 1362 1246 1420 sed
1288 1362 1592 1422 cavendum
1624 1380 1699 1421 ne
1725 1361 1787 1422 id
1814 1363 2058 1423 bellandi

82 1444 233 1520 magis
240 1448 386 1527 fuga
405 1464 579 1525 quam
601 1447 854 1507 utilitatis
877 1448 1092 1506 ratione
1110 1446 1392 1504 faciamus,

187 1519 392 1592 Bellum
425 1529 612 1592 autem
636 1531 714 1591 ita
743 1531 1100 1611 suscipiatur,
1142 1537 1205 1590 ut
1243 1530 1377 1590 nihii
1417 1528 1566 1590 aliud
1601 1530 1711 1590 nisi
1746 1550 1861 1611 pax
1885 1551 2062 1612 quae-

82 1609 171 1672 sita
208 1615 474 1678 videatur.
557 1617 742 1677 Fortis
776 1634 907 1678 vero
932 1621 993 1677 'et
1034 1617 1336 1676 constantis
1381 1620 1469 1675 est
1505 1633 1619 1673 non
1648 1618 1962 1696 perturbari
1997 1621 2059 1677 in

81 1698 240 1760 rebus
264 1705 512 1782 asperis,
567 1718 673 1763 nec
710 1702 1137 1762 tumultuantem
1167 1702 1241 1760 de
1276 1701 1455 1778 gradu
1491 1700 1686 1776 deiici,
1737 1708 1801 1761 ιιι
1841 1702 2060 1777 dicitur,

78 1783 165 1842 sed
201 1789 478 1864 praesenti
523 1789 705 1847 animo
748 1788 830 1847 uti
868 1793 926 1847 et
966 1786 1198 1847 consilio
1215 1829 1233 1860 ,
1287 1806 1392 1846 nec
1428 1804 1466 1844 a
1504 1786 1723 1847 ratione
1753 1788 2056 1849 discedere.

78 1868 165 1931 81
210 1872 566 1951 Quamquam
592 1872 698 1932 hoc
725 1872 912 1946 animi,
956 1873 1093 1933 illud
1122 1872 1295 1932 etiam
1332 1866 1523 1949 ingeni
1546 1872 1735 1948 magni
1755 1878 1864 1948 est,
1893 1891 2060 1953 prae-

76 1969 238 2030 opere
259 1959 603 2058 cogitatione
629 1959 816 2035 futura
849 1964 922 2018 et
925 1958 1213 2036 aliquanto
1238 1963 1372 2018 ante
1392 1958 1751 2034 constituere,
1793 1958 1932 2035 quid
1959 1977 2059 2019 ac-

74 2037 240 2103 mdere
273 2045 458 2123 possit
493 2044 551 2102 in
582 2028 871 2120 utramque
914 2048 1165 2121 partem,
1217 2047 1277 2103 et
1314 2042 1451 2120 quid
1477 2043 1755 2119 agendum
1791 2044 1865 2103 sit
1886 2064 2069 2122 quum*
2176 2040 2183 2046 ’

73 2123 194 2197 quid
238 2129 517 2202 evenerit,
584 2146 691 2186 nec
740 2128 1077 2187 committere
1093 2170 1111 2202 ‚
1167 2132 1233 2186 ιιι
1281 2127 1581 2204 aliquando
1616 2127 1912 2188 dicendum
1951 2130 2026 2189 sit
2039 2140 2088 2190 .’

71 2204 183 2270 Non
197 2220 479 2292 putaram.
562 2213 732 2289 Haec,
748 2217 875 2272 sunt
896 2230 1067 2291 opera
1102 2210 1294 2289 magni
1324 2212 1491 2270 animi
1518 2216 1576 2271 et
1616 2212 1813 2273 excelsi
1840 2218 2059 2294 et'pru‘-

68 2294 243 2358 dentia
265 2298 625 2377 consilioque
644 2298 886 2358 fidentis:
972 2294 1229 2356 Temere'
1262 2301 1445 2355 autem
1487 2296 1547 2355 in
1590 2296 1709 2357 acie
1751 2299 1961 2358 versari
1995 2305 2059 2360 et

63 2399 215 2443 manu
234 2405 361 2445 cum
374 2385 541 2444 hoste
556 2383 884 2459 confligere
869 2400 1106 2442 immane
1122 2381 1384 2459 quiddam
1398 2387 1456 2442 et
1471 2381 1750 2442 beluarum
1764 2382 1938 2443 simile
1953 2391 2057 2445 est.

63 2465 169 2527 Sed
188 2488 360 2549 quum
386 2474 613 2547 tempus
643 2469 1057 2546 necessitasque
1077 2466 1344 2547 postulat,
1372 2468 1765 2528 decertandum
1781 2487 1948 2528 manu
1971 2473 2061 2529 est

63 2557 117 2611 et
135 2573 281 2614 mors
314 2553 574 2635 servituti
606 2553 1051 2632 turpitudinique
1093 2553 1502 2631 anteponenda.
1571 2550 1775 2612 XXIV
1819 2556 1920 2620 82.
1963 2553 2091 2615 De.

61 2642 334 2713 vertendis
362 2628 551 2699 autern
575 2638 1011 2718 diripiendisque
1032 2637 1261 2697 urbibus
1289 2639 1448 2699 valde
1466 2637 1926 2699 considerandum
1951 2645 2059 2714 est,
2096 2686 2099 2689 i
2202 2656 2211 2661 “

61 2740 128 2783 ne
152 2720 289 2802 quid
316 2732 552 2801 temere,
585 2739 659 2784 ne
688 2725 824 2819 quid
854 2722 1164 2783 crudeliter.
1220 2722 1399 2801 quue
1423 2729 1508 2784 est
1532 2724 1643 2783 viri
1650 2724 1860 2801 magni,
1889 2724 2055 2785 rebus

56 2809 275 2885 agitatis
311 2810 515 2890 punire
556 2813 749 2869 sontes
763 2852 782 2883 ,
791 2792 1230 2869 ‘multitudinem
1270 2827 1593 2869 conservare
1607 2852 1627 2883 ,
1666 2809 1725 2867 in
1756 2809 1907 2868 omni
1943 2811 2060 2871 fot-

57 2899 192 2953 tuna
205 2900 375 2956 recta
408 2900 579 2971 atque
600 2894 836 2953 honesta
861 2894 1116 2954 retinere.
1179 2892 1288 2952 Ut
1318 2895 1461 2954 enim
1492 2898 1653 2971 sunt,
1693 2895 2059 2995 quemadmo-

54 2978 182 3040 dum
210 2998 389 3060 supra
405 2979 547 3055 dixi,
571 2979 669 3057 qui
693 2979 918 3038 urbanis
945 2979 1110 3039 rebus
1139 2977 1362 3049 bellicas
1386 2984 1758 3058 anteponant·
1790 2981 1875 3041 sic
1895 2999 2059 3061 repe-

53 3064 160 3125 rias
189 3066 430 3140 multos,
472 3063 675 3142 quibus
695 3062 1005 3143 periculosa
1030 3069 1090 3124 et
1122 3062 1303 3124 calida
1335 3064 1564 3124 consilia
1589 3064 1790 3142 quietis
1821 3071 1882 3127 et
1903 3067 2061 3144 cogi-

54 3151 186 3210 tatis
212 3157 272 3210 et
285 3148 671 3229 splendidiora
686 3154 744 3209 et
767 3148 979 3225 maiora
991 3150 1296 3210 videantur.
1365 3153 1469 3215 83.
1505 3148 1810 3228 Nunquam
1834 3153 2058 3212 omnino
2114 3222 2118 3227 ,
2170 3206 2175 3210 .
2252 3238 2267 3250 ⁸

52 3236 294 3313 perimli
314 3231 452 3313 fuga
479 3218 931 3300 committendum
955 3238 1042 3294 est
1068 3239 1131 3293 ut
1158 3233 1406 3295 imbelles
1429 3234 1717 3312 timidique
1746 3237 2058 3310 videamur;

52 3320 170 3380 sed
163 3321 514 3397 fugiendum
544 3320 682 3379 illud
712 3318 878 3380 etiam
898 3337 973 3380 ne
998 3320 1296 3379 offeramus
1324 3339 1427 3381 nos
1447 3320 1704 3421 periculis
1729 3321 1848 3382 sine
1872 3339 2060 3422 causa,
2170 3314 2183 3323 ’

52 3425 160 3482 quo
193 3405 342 3464 nihil
371 3400 565 3485 potest
583 3424 714 3467 -esse
739 3403 971 3465 stultius.
1060 3405 1471 3485 Quapropter
1455 3426 1515 3464 ιιι
1546 3407 1818 3485 adeundis
1844 3408 2059 3485 pericu-
2124 3454 2133 3459 -

52 3489 113 3549 lis
145 3491 510 3551 consuetudo
532 3490 799 3550 imitanda
823 3490 1159 3551 medicorum
1186 3497 1307 3565 est,
1350 3491 1445 3568 qui
1470 3490 1668 3551 leviter
1702 3497 2058 3569 aegrotantes

52 3574 261 3639 leniter
287 3581 517 3650 curant,
568 3576 912 3655 gravioribus
936 3579 1123 3637 autem
1159 3576 1364 3655 morbis
1386 3573 1720 3656 periculosas
1746 3577 2058 3639 curationes
