<?xml version="1.0" encoding="UTF-8"?>
<!DOCTYPE html PUBLIC "-//W3C//DTD XHTML 1.0 Transitional//EN"
    "http://www.w3.org/TR/xhtml1/DTD/xhtml1-transitional.dtd">
<html xmlns="http://www.w3.org/1999/xhtml" xml:lang="en" lang="en">
 <head>
  <title>
</title>
<meta http-equiv="Content-Type" content="text/html;charset=utf-8" />
  <meta name='ocr-system' content='tesseract 3.04.00' />
  <meta name='ocr-capabilities' content='ocr_page ocr_carea ocr_par ocr_line ocrx_word'/>
</head>
<body>
  <div class='ocr_page' id='page_1' title='image "./mtuloliciceroni00beiegoog/mtuloliciceroni00beiegoog_0334.png"; bbox 0 0 2417 3967; ppageno 0'>
   <div class='ocr_carea' id='block_1_1' title="bbox 216 1954 2324 2040">
    <p class='ocr_par' dir='ltr' id='par_1_1' title="bbox 216 1954 2324 2040">
     <span class='ocr_line' id='line_1_1' title="bbox 216 1954 2324 2040; baseline 0.002 -25"><span class='ocrx_word' id='word_1_1' title='bbox 216 1976 219 1991; x_wconf 57' lang='lat'>¹</span> <span class='ocrx_word' id='word_1_2' title='bbox 264 1954 270 1960; x_wconf 76' lang='grc'>’</span> <span class='ocrx_word' id='word_1_3' title='bbox 392 1965 516 2016; x_wconf 81' lang='lat' dir='ltr'><strong>rum</strong></span> <span class='ocrx_word' id='word_1_4' title='bbox 536 1959 720 2019; x_wconf 84' lang='lat' dir='ltr'><strong>studia</strong></span> <span class='ocrx_word' id='word_1_5' title='bbox 741 1961 965 2040; x_wconf 83' lang='lat' dir='ltr'><strong>vitaque</strong></span> <span class='ocrx_word' id='word_1_6' title='bbox 980 1962 1159 2021; x_wconf 88' lang='lat' dir='ltr'><strong>omnis</strong></span> <span class='ocrx_word' id='word_1_7' title='bbox 1185 1963 1245 2020; x_wconf 87' lang='lat' dir='ltr'><strong>in</strong></span> <span class='ocrx_word' id='word_1_8' title='bbox 1265 1976 1447 2023; x_wconf 86' lang='lat' dir='ltr'><strong>rerum</strong></span> <span class='ocrx_word' id='word_1_9' title='bbox 1474 1960 1794 2039; x_wconf 72' lang='lat' dir='ltr'><strong>cognitione</strong></span> <span class='ocrx_word' id='word_1_10' title='bbox 1813 1968 2042 2023; x_wconf 79' lang='lat' dir='ltr'><strong>versata</strong></span> <span class='ocrx_word' id='word_1_11' title='bbox 2063 1969 2164 2037; x_wconf 89' lang='lat' dir='ltr'><strong>est,</strong></span> <span class='ocrx_word' id='word_1_12' title='bbox 2200 1964 2324 2019; x_wconf 65' lang='lat' dir='ltr'><strong>md</strong></span> 
     </span>
    </p>
   </div>
   <div class='ocr_carea' id='block_1_2' title="bbox 249 3408 2304 3488">
    <p class='ocr_par' dir='ltr' id='par_1_2' title="bbox 249 3408 2304 3488">
     <span class='ocr_line' id='line_1_2' title="bbox 249 3408 2304 3488; baseline 0.006 -25"><span class='ocrx_word' id='word_1_13' title='bbox 249 3408 260 3419; x_wconf 57' lang='lat'><strong>⁸</strong></span> <span class='ocrx_word' id='word_1_14' title='bbox 339 3449 350 3455; x_wconf 73' lang='lat'><em>-</em></span> <span class='ocrx_word' id='word_1_15' title='bbox 378 3410 607 3485; x_wconf 77' lang='lat' dir='ltr'><strong>quentia</strong></span> <span class='ocrx_word' id='word_1_16' title='bbox 646 3409 1025 3488; x_wconf 75' lang='lat' dir='ltr'>complectitur</span> <span class='ocrx_word' id='word_1_17' title='bbox 1058 3431 1156 3470; x_wconf 86' lang='lat' dir='ltr'><strong>eos</strong></span> <span class='ocrx_word' id='word_1_18' title='bbox 1184 3412 1511 3488; x_wconf 79' lang='lat' dir='ltr'>quibuscum</span> <span class='ocrx_word' id='word_1_19' title='bbox 1540 3410 1933 3471; x_wconf 72' lang='lat' dir='ltr'><strong>communitate</strong></span> <span class='ocrx_word' id='word_1_20' title='bbox 1959 3411 2125 3473; x_wconf 65' lang='lat' dir='ltr'><strong>iunffi</strong></span> <span class='ocrx_word' id='word_1_21' title='bbox 2142 3418 2304 3481; x_wconf 60' lang='lat' dir='ltr'><strong>,w</strong></span> 
     </span>
    </p>
   </div>
   <div class='ocr_carea' id='block_1_3' title="bbox 351 264 2368 1956">
    <p class='ocr_par' dir='ltr' id='par_1_3' title="bbox 351 264 2368 1956">
     <span class='ocr_line' id='line_1_3' title="bbox 351 264 2367 340; baseline -0.004 -8"><span class='ocrx_word' id='word_1_22' title='bbox 351 274 364 284; x_wconf 83' lang='lat'><strong><em>‘</em></strong></span> <span class='ocrx_word' id='word_1_23' title='bbox 405 273 495 340; x_wconf 75' lang='lat'><strong>44</strong></span> <span class='ocrx_word' id='word_1_24' title='bbox 823 264 1354 331; x_wconf 80' lang='lat' dir='ltr'>CICERONIS</span> <span class='ocrx_word' id='word_1_25' title='bbox 1394 265 1516 331; x_wconf 91' lang='lat' dir='ltr'><strong>DE</strong></span> <span class='ocrx_word' id='word_1_26' title='bbox 1558 265 1978 328; x_wconf 82' lang='lat' dir='ltr'><strong>oFFlcns</strong></span> <span class='ocrx_word' id='word_1_27' title='bbox 2364 268 2367 337; x_wconf 67' lang='grc'><strong>4</strong></span> 
     </span>
     <span class='ocr_line' id='line_1_4' title="bbox 407 416 2332 503; baseline -0.001 -22"><span class='ocrx_word' id='word_1_28' title='bbox 407 423 758 482; x_wconf 73' lang='lat' dir='ltr'><strong>humanarum</strong></span> <span class='ocrx_word' id='word_1_29' title='bbox 795 426 1060 503; x_wconf 49' lang='lat' dir='ltr'><strong>scicntia,</strong></span> <span class='ocrx_word' id='word_1_30' title='bbox 1121 422 1182 483; x_wconf 89' lang='lat' dir='ltr'><strong>in</strong></span> <span class='ocrx_word' id='word_1_31' title='bbox 1229 441 1344 500; x_wconf 82' lang='lat' dir='ltr'><strong>qua</strong></span> <span class='ocrx_word' id='word_1_32' title='bbox 1384 422 1694 500; x_wconf 71' lang='lat' dir='ltr'><strong>continetur</strong></span> <span class='ocrx_word' id='word_1_33' title='bbox 1744 423 1974 483; x_wconf 81' lang='lat' dir='ltr'><strong>deorum</strong></span> <span class='ocrx_word' id='word_1_34' title='bbox 2018 416 2095 487; x_wconf 72' lang='lat' dir='ltr'><strong>‘et</strong></span> <span class='ocrx_word' id='word_1_35' title='bbox 2119 420 2332 491; x_wconf 69' lang='lat' dir='ltr'><strong>homiuum</strong></span> 
     </span>
     <span class='ocr_line' id='line_1_5' title="bbox 406 507 2367 588; baseline -0.004 -20"><span class='ocrx_word' id='word_1_36' title='bbox 406 509 770 569; x_wconf 81' lang='lat' dir='ltr'><strong>communitas</strong></span> <span class='ocrx_word' id='word_1_37' title='bbox 798 516 857 569; x_wconf 85' lang='lat' dir='ltr'><strong>et</strong></span> <span class='ocrx_word' id='word_1_38' title='bbox 890 510 1130 570; x_wconf 80' lang='lat' dir='ltr'><strong>societas</strong></span> <span class='ocrx_word' id='word_1_39' title='bbox 1157 510 1305 569; x_wconf 89' lang='lat' dir='ltr'><strong>inter</strong></span> <span class='ocrx_word' id='word_1_40' title='bbox 1342 508 1515 588; x_wconf 86' lang='lat' dir='ltr'><strong>ipsos.</strong></span> <span class='ocrx_word' id='word_1_41' title='bbox 1544 570 1551 575; x_wconf 67' lang='grc'><strong><em>,</em></strong></span> <span class='ocrx_word' id='word_1_42' title='bbox 1599 507 1690 567; x_wconf 86' lang='lat' dir='ltr'><strong>Ea</strong></span> <span class='ocrx_word' id='word_1_43' title='bbox 1715 508 1760 567; x_wconf 83' lang='lat' dir='ltr'><strong>si</strong></span> <span class='ocrx_word' id='word_1_44' title='bbox 1784 509 2019 568; x_wconf 81' lang='lat' dir='ltr'><strong>maxima</strong></span> <span class='ocrx_word' id='word_1_45' title='bbox 2045 513 2158 582; x_wconf 85' lang='lat' dir='ltr'><strong>est,</strong></span> <span class='ocrx_word' id='word_1_46' title='bbox 2189 513 2241 565; x_wconf 88' lang='lat' dir='ltr'><strong>ut</strong></span> <span class='ocrx_word' id='word_1_47' title='bbox 2255 512 2332 567; x_wconf 76' lang='lat' dir='ltr'><strong>est:</strong></span> <span class='ocrx_word' id='word_1_48' title='bbox 2366 528 2367 587; x_wconf 42' lang='lat'>3</span> 
     </span>
     <span class='ocr_line' id='line_1_6' title="bbox 406 593 2367 670; baseline 0 -18"><span class='ocrx_word' id='word_1_49' title='bbox 406 613 634 655; x_wconf 86' lang='lat' dir='ltr'><strong>necesse</strong></span> <span class='ocrx_word' id='word_1_50' title='bbox 659 598 767 668; x_wconf 87' lang='lat' dir='ltr'><strong>est,</strong></span> <span class='ocrx_word' id='word_1_51' title='bbox 805 595 959 670; x_wconf 90' lang='lat' dir='ltr'><strong>quod</strong></span> <span class='ocrx_word' id='word_1_52' title='bbox 982 610 1026 654; x_wconf 84' lang='lat' dir='ltr'><strong>a·</strong></span> <span class='ocrx_word' id='word_1_53' title='bbox 1046 595 1451 656; x_wconf 75' lang='lat' dir='ltr'><strong>communitate</strong></span> <span class='ocrx_word' id='word_1_54' title='bbox 1470 595 1705 657; x_wconf 80' lang='lat' dir='ltr'><strong>ducatur</strong></span> <span class='ocrx_word' id='word_1_55' title='bbox 1726 593 1967 654; x_wconf 82' lang='lat' dir='ltr'><strong>officium</strong></span> <span class='ocrx_word' id='word_1_56' title='bbox 1980 635 2007 667; x_wconf 87' lang='lat'><strong>,.</strong></span> <span class='ocrx_word' id='word_1_57' title='bbox 2032 595 2103 655; x_wconf 83' lang='lat' dir='ltr'><strong>‚id</strong></span> <span class='ocrx_word' id='word_1_58' title='bbox 2126 611 2232 655; x_wconf 81' lang='lat' dir='ltr'><strong>esse</strong></span> <span class='ocrx_word' id='word_1_59' title='bbox 2252 608 2333 652; x_wconf 76' lang='lat' dir='ltr'><strong>m-</strong></span> <span class='ocrx_word' id='word_1_60' title='bbox 2366 652 2367 663; x_wconf 59' lang='grc'>,</span> 
     </span>
     <span class='ocr_line' id='line_1_7' title="bbox 403 674 2367 759; baseline 0.002 -21"><span class='ocrx_word' id='word_1_61' title='bbox 403 679 629 739; x_wconf 83' lang='lat' dir='ltr'><strong>ximum.</strong></span> <span class='ocrx_word' id='word_1_62' title='bbox 712 674 940 741; x_wconf 73' lang='lat' dir='ltr'><strong>Etenim</strong></span> <span class='ocrx_word' id='word_1_63' title='bbox 980 681 1227 758; x_wconf 77' lang='lat' dir='ltr'><strong>cognitio</strong></span> <span class='ocrx_word' id='word_1_64' title='bbox 1253 679 1752 759; x_wconf 78' lang='lat' dir='ltr'><strong>contemplatioque</strong></span> <span class='ocrx_word' id='word_1_65' title='bbox 1778 687 2014 741; x_wconf 85' lang='lat' dir='ltr'><strong>naturae</strong></span> <span class='ocrx_word' id='word_1_66' title='bbox 2038 698 2214 741; x_wconf 76' lang='lat' dir='ltr'><strong>manca</strong></span> <span class='ocrx_word' id='word_1_67' title='bbox 2242 694 2332 755; x_wconf 78' lang='lat' dir='ltr'><strong>qm·</strong></span> <span class='ocrx_word' id='word_1_68' title='bbox 2366 726 2367 733; x_wconf 17' lang='grc' dir='ltr'><strong>κ</strong></span> 
     </span>
     <span class='ocr_line' id='line_1_8' title="bbox 404 756 2367 844; baseline -0.001 -20"><span class='ocrx_word' id='word_1_69' title='bbox 404 766 537 824; x_wconf 87' lang='lat' dir='ltr'><strong>dam</strong></span> <span class='ocrx_word' id='word_1_70' title='bbox 567 766 738 824; x_wconf 89' lang='lat' dir='ltr'><strong>&#39;modo</strong></span> <span class='ocrx_word' id='word_1_71' title='bbox 765 772 938 844; x_wconf 90' lang='lat' dir='ltr'><strong>atque</strong></span> <span class='ocrx_word' id='word_1_72' title='bbox 964 764 1226 826; x_wconf 84' lang='lat' dir='ltr'><strong>inchoata</strong></span> <span class='ocrx_word' id='word_1_73' title='bbox 1264 766 1340 824; x_wconf 91' lang='lat' dir='ltr'><strong>sit</strong></span> <span class='ocrx_word' id='word_1_74' title='bbox 1356 807 1375 838; x_wconf 92' lang='lat'><strong>,</strong></span> <span class='ocrx_word' id='word_1_75' title='bbox 1418 766 1471 823; x_wconf 83' lang='lat' dir='ltr'><strong>si</strong></span> <span class='ocrx_word' id='word_1_76' title='bbox 1508 765 1658 825; x_wconf 87' lang='lat' dir='ltr'><strong>nulla</strong></span> <span class='ocrx_word' id='word_1_77' title='bbox 1701 766 1846 825; x_wconf 86' lang='lat' dir='ltr'><strong>actio</strong></span> <span class='ocrx_word' id='word_1_78' title='bbox 1878 785 2064 825; x_wconf 85' lang='lat' dir='ltr'><strong>rerum</strong></span> <span class='ocrx_word' id='word_1_79' title='bbox 2098 778 2333 839; x_wconf 57' lang='lat' dir='ltr'><strong>conseq&amp;</strong></span> <span class='ocrx_word' id='word_1_80' title='bbox 2364 756 2367 823; x_wconf 68' lang='lat'><strong>&#39;⁴</strong></span> 
     </span>
     <span class='ocr_line' id='line_1_9' title="bbox 402 828 2367 919; baseline -0.001 -11"><span class='ocrx_word' id='word_1_81' title='bbox 402 854 513 909; x_wconf 85' lang='lat' dir='ltr'><strong>tur.</strong></span> <span class='ocrx_word' id='word_1_82' title='bbox 596 850 685 910; x_wconf 85' lang='lat' dir='ltr'><strong>Ea</strong></span> <span class='ocrx_word' id='word_1_83' title='bbox 724 858 911 912; x_wconf 84' lang='lat' dir='ltr'><strong>autem</strong></span> <span class='ocrx_word' id='word_1_84' title='bbox 947 852 1093 912; x_wconf 83' lang='lat' dir='ltr'><strong>actio</strong></span> <span class='ocrx_word' id='word_1_85' title='bbox 1138 852 1199 909; x_wconf 89' lang='lat' dir='ltr'><strong>in</strong></span> <span class='ocrx_word' id='word_1_86' title='bbox 1229 850 1514 910; x_wconf 87' lang='lat' dir='ltr'><strong>hominum</strong></span> <span class='ocrx_word' id='word_1_87' title='bbox 1557 851 1859 911; x_wconf 88' lang='lat' dir='ltr'><strong>commodis</strong></span> <span class='ocrx_word' id='word_1_88' title='bbox 1900 850 2125 911; x_wconf 87' lang='lat' dir='ltr'><strong>tuendis</strong></span> <span class='ocrx_word' id='word_1_89' title='bbox 2167 849 2332 909; x_wconf 79' lang='lat' dir='ltr'><strong>mxime</strong></span> <span class='ocrx_word' id='word_1_90' title='bbox 2364 828 2367 919; x_wconf 43' lang='grc' dir='ltr'><strong>ἶ</strong></span> 
     </span>
     <span class='ocr_line' id='line_1_10' title="bbox 401 932 2367 1015; baseline -0.002 -20"><span class='ocrx_word' id='word_1_91' title='bbox 401 936 662 996; x_wconf 88' lang='lat' dir='ltr'><strong>cernitur.</strong></span> <span class='ocrx_word' id='word_1_92' title='bbox 748 936 890 1003; x_wconf 86' lang='lat'><strong>154.</strong></span> <span class='ocrx_word' id='word_1_93' title='bbox 917 934 1185 1015; x_wconf 66' lang='lat' dir='ltr'><strong>&#39;Pertinet</strong></span> <span class='ocrx_word' id='word_1_94' title='bbox 1212 936 1386 1013; x_wconf 86' lang='lat' dir='ltr'><strong>igitur</strong></span> <span class='ocrx_word' id='word_1_95' title='bbox 1420 937 1496 995; x_wconf 89' lang='lat' dir='ltr'><strong>ad</strong></span> <span class='ocrx_word' id='word_1_96' title='bbox 1537 938 1856 998; x_wconf 83' lang='lat' dir='ltr'><strong>societatem</strong></span> <span class='ocrx_word' id='word_1_97' title='bbox 1902 937 2125 1014; x_wconf 76' lang='lat' dir='ltr'><strong>generis</strong></span> <span class='ocrx_word' id='word_1_98' title='bbox 2159 932 2329 993; x_wconf 77' lang='lat' dir='ltr'><strong>humani.</strong></span> <span class='ocrx_word' id='word_1_99' title='bbox 2366 938 2367 1005; x_wconf 47' lang='lat' dir='ltr'><strong>l</strong></span> 
     </span>
     <span class='ocr_line' id='line_1_11' title="bbox 399 1019 2330 1102; baseline 0.001 -24"><span class='ocrx_word' id='word_1_100' title='bbox 399 1019 561 1097; x_wconf 88' lang='lat' dir='ltr'><strong>Ergo</strong></span> <span class='ocrx_word' id='word_1_101' title='bbox 582 1021 722 1081; x_wconf 87' lang='lat' dir='ltr'><strong>haec</strong></span> <span class='ocrx_word' id='word_1_102' title='bbox 742 1022 1045 1100; x_wconf 85' lang='lat' dir='ltr'><strong>cognitioni</strong></span> <span class='ocrx_word' id='word_1_103' title='bbox 1069 1023 1467 1102; x_wconf 87' lang='lat' dir='ltr'><strong>anteponenda</strong></span> <span class='ocrx_word' id='word_1_104' title='bbox 1493 1027 1599 1082; x_wconf 89' lang='lat' dir='ltr'><strong>est.</strong></span> <span class='ocrx_word' id='word_1_105' title='bbox 1683 1020 1869 1100; x_wconf 80' lang='lat' dir='ltr'><strong>Atque</strong></span> <span class='ocrx_word' id='word_1_106' title='bbox 1887 1023 1951 1081; x_wconf 89' lang='lat' dir='ltr'><strong>id</strong></span> <span class='ocrx_word' id='word_1_107' title='bbox 1981 1022 2206 1102; x_wconf 85' lang='lat' dir='ltr'><strong>optimus</strong></span> <span class='ocrx_word' id='word_1_108' title='bbox 2234 1019 2330 1097; x_wconf 74' lang='lat' dir='ltr'><strong>quis·</strong></span> 
     </span>
     <span class='ocr_line' id='line_1_12' title="bbox 401 1102 2329 1193; baseline 0.002 -30"><span class='ocrx_word' id='word_1_109' title='bbox 401 1121 516 1182; x_wconf 90' lang='lat' dir='ltr'><strong>que</strong></span> <span class='ocrx_word' id='word_1_110' title='bbox 552 1125 613 1165; x_wconf 90' lang='lat' dir='ltr'><strong>re</strong></span> <span class='ocrx_word' id='word_1_111' title='bbox 648 1108 773 1185; x_wconf 86' lang='lat' dir='ltr'><strong>ipsa</strong></span> <span class='ocrx_word' id='word_1_112' title='bbox 809 1109 1057 1169; x_wconf 73' lang='lat' dir='ltr'><strong>ostendit</strong></span> <span class='ocrx_word' id='word_1_113' title='bbox 1079 1116 1136 1168; x_wconf 90' lang='lat' dir='ltr'><strong>et</strong></span> <span class='ocrx_word' id='word_1_114' title='bbox 1159 1108 1385 1167; x_wconf 87' lang='lat' dir='ltr'><strong>iudicat.</strong></span> <span class='ocrx_word' id='word_1_115' title='bbox 1471 1108 1613 1177; x_wconf 84' lang='lat' dir='ltr'><strong>Quis</strong></span> <span class='ocrx_word' id='word_1_116' title='bbox 1630 1106 1785 1169; x_wconf 83' lang='lat' dir='ltr'><strong>enim</strong></span> <span class='ocrx_word' id='word_1_117' title='bbox 1808 1115 1900 1168; x_wconf 85' lang='lat' dir='ltr'><strong>est</strong></span> <span class='ocrx_word' id='word_1_118' title='bbox 1941 1114 2063 1167; x_wconf 84' lang='lat' dir='ltr'><strong>tam</strong></span> <span class='ocrx_word' id='word_1_119' title='bbox 2095 1106 2282 1193; x_wconf 69' lang='lat' dir='ltr'><strong>cupidus</strong></span> <span class='ocrx_word' id='word_1_120' title='bbox 2298 1102 2329 1159; x_wconf 69' lang='lat' dir='ltr'><strong>i!</strong></span> 
     </span>
     <span class='ocr_line' id='line_1_13' title="bbox 400 1187 2330 1271; baseline 0.001 -23"><span class='ocrx_word' id='word_1_121' title='bbox 400 1191 792 1270; x_wconf 87' lang='lat' dir='ltr'><strong>perspicienda</strong></span> <span class='ocrx_word' id='word_1_122' title='bbox 816 1195 1320 1271; x_wconf 84' lang='lat' dir='ltr'><strong>cognoscendaque</strong></span> <span class='ocrx_word' id='word_1_123' title='bbox 1343 1213 1528 1253; x_wconf 87' lang='lat' dir='ltr'><strong>rerum</strong></span> <span class='ocrx_word' id='word_1_124' title='bbox 1557 1198 1785 1267; x_wconf 84' lang='lat' dir='ltr'><strong>natura,</strong></span> <span class='ocrx_word' id='word_1_125' title='bbox 1824 1199 1921 1268; x_wconf 86' lang='lat' dir='ltr'><strong>ut,</strong></span> <span class='ocrx_word' id='word_1_126' title='bbox 1972 1195 2022 1253; x_wconf 89' lang='lat' dir='ltr'><strong>si</strong></span> <span class='ocrx_word' id='word_1_127' title='bbox 2061 1194 2113 1254; x_wconf 89' lang='lat' dir='ltr'><strong>ei</strong></span> <span class='ocrx_word' id='word_1_128' title='bbox 2144 1187 2330 1250; x_wconf 69' lang='lat' dir='ltr'><strong>tractati</strong></span> 
     </span>
     <span class='ocr_line' id='line_1_14' title="bbox 371 1276 2329 1356; baseline 0.002 -22"><span class='ocrx_word' id='word_1_129' title='bbox 371 1276 904 1356; x_wconf 66' lang='lat' dir='ltr'><strong>“contemplantique</strong></span> <span class='ocrx_word' id='word_1_130' title='bbox 927 1299 1017 1339; x_wconf 88' lang='lat' dir='ltr'><strong>res</strong></span> <span class='ocrx_word' id='word_1_131' title='bbox 1031 1279 1363 1356; x_wconf 60' lang='lat' dir='ltr'><strong>‘cognitione</strong></span> <span class='ocrx_word' id='word_1_132' title='bbox 1385 1279 1736 1355; x_wconf 82' lang='lat' dir='ltr'><strong>dignissimas</strong></span> <span class='ocrx_word' id='word_1_133' title='bbox 1764 1280 1957 1339; x_wconf 84' lang='lat' dir='ltr'><strong>subito</strong></span> <span class='ocrx_word' id='word_1_134' title='bbox 1974 1281 2056 1338; x_wconf 86' lang='lat' dir='ltr'><strong>sit</strong></span> <span class='ocrx_word' id='word_1_135' title='bbox 2067 1276 2329 1353; x_wconf 76' lang='lat' dir='ltr'><strong>allatunpe·</strong></span> 
     </span>
     <span class='ocr_line' id='line_1_15' title="bbox 372 1356 2330 1443; baseline 0.002 -25"><span class='ocrx_word' id='word_1_136' title='bbox 372 1360 625 1420; x_wconf 74' lang='lat' dir='ltr'><strong>&#39;ticulum</strong></span> <span class='ocrx_word' id='word_1_137' title='bbox 655 1362 1060 1441; x_wconf 79' lang='lat' dir='ltr'><strong>discrimenque</strong></span> <span class='ocrx_word' id='word_1_138' title='bbox 1086 1366 1338 1443; x_wconf 76' lang='lat' dir='ltr'><strong>patriae,</strong></span> <span class='ocrx_word' id='word_1_139' title='bbox 1379 1366 1468 1423; x_wconf 88' lang='lat' dir='ltr'><strong>cui</strong></span> <span class='ocrx_word' id='word_1_140' title='bbox 1500 1365 1795 1425; x_wconf 81' lang='lat' dir='ltr'><strong>subvenire</strong></span> <span class='ocrx_word' id='word_1_141' title='bbox 1819 1356 2330 1443; x_wconf 67' lang='lat' dir='ltr'><strong>opimlariquepo&#39;uit,</strong></span> 
     </span>
     <span class='ocr_line' id='line_1_16' title="bbox 400 1447 2329 1527; baseline 0.002 -23"><span class='ocrx_word' id='word_1_142' title='bbox 400 1464 515 1504; x_wconf 91' lang='lat' dir='ltr'><strong>non</strong></span> <span class='ocrx_word' id='word_1_143' title='bbox 539 1447 636 1507; x_wconf 91' lang='lat' dir='ltr'><strong>illa</strong></span> <span class='ocrx_word' id='word_1_144' title='bbox 662 1449 850 1508; x_wconf 86' lang='lat' dir='ltr'><strong>omnia</strong></span> <span class='ocrx_word' id='word_1_145' title='bbox 885 1449 1163 1527; x_wconf 85' lang='lat' dir='ltr'><strong>relinquat</strong></span> <span class='ocrx_word' id='word_1_146' title='bbox 1191 1456 1366 1526; x_wconf 88' lang='lat' dir='ltr'><strong>atque</strong></span> <span class='ocrx_word' id='word_1_147' title='bbox 1397 1450 1618 1509; x_wconf 87' lang='lat' dir='ltr'><strong>abiiciat</strong></span> <span class='ocrx_word' id='word_1_148' title='bbox 1636 1493 1658 1525; x_wconf 91' lang='lat'>‚</span> <span class='ocrx_word' id='word_1_149' title='bbox 1702 1451 1920 1509; x_wconf 87' lang='lat' dir='ltr'><strong>etiamsi</strong></span> <span class='ocrx_word' id='word_1_150' title='bbox 1954 1453 2269 1510; x_wconf 70' lang='lat' dir='ltr'><strong>dinumaare</strong></span> <span class='ocrx_word' id='word_1_151' title='bbox 2294 1463 2329 1503; x_wconf 69' lang='grc' dir='ltr'><strong>σε</strong></span> 
     </span>
     <span class='ocr_line' id='line_1_17' title="bbox 399 1530 2328 1614; baseline 0.003 -23"><span class='ocrx_word' id='word_1_152' title='bbox 399 1530 589 1592; x_wconf 87' lang='lat' dir='ltr'><strong>stellas</strong></span> <span class='ocrx_word' id='word_1_153' title='bbox 616 1539 713 1593; x_wconf 87' lang='lat' dir='ltr'><strong>aut</strong></span> <span class='ocrx_word' id='word_1_154' title='bbox 736 1536 914 1595; x_wconf 87' lang='lat' dir='ltr'><strong>metiri</strong></span> <span class='ocrx_word' id='word_1_155' title='bbox 944 1535 1137 1594; x_wconf 81' lang='lat' dir='ltr'><strong>mundi</strong></span> <span class='ocrx_word' id='word_1_156' title='bbox 1160 1534 1602 1612; x_wconf 81' lang='lat' dir='ltr'><strong>magnitudinem</strong></span> <span class='ocrx_word' id='word_1_157' title='bbox 1640 1554 1809 1614; x_wconf 87' lang='lat' dir='ltr'><strong>posse</strong></span> <span class='ocrx_word' id='word_1_158' title='bbox 1837 1533 2178 1596; x_wconf 61' lang='lat' dir='ltr'><strong>arbitretur?</strong></span> <span class='ocrx_word' id='word_1_159' title='bbox 2207 1532 2328 1606; x_wconf 65' lang='grc' dir='ltr'><strong>Δῒφῑ</strong></span> 
     </span>
     <span class='ocr_line' id='line_1_18' title="bbox 396 1611 2326 1700; baseline 0.002 -24"><span class='ocrx_word' id='word_1_160' title='bbox 396 1616 504 1677; x_wconf 86' lang='lat' dir='ltr'><strong>hoc</strong></span> <span class='ocrx_word' id='word_1_161' title='bbox 537 1619 687 1679; x_wconf 88' lang='lat' dir='ltr'><strong>idem</strong></span> <span class='ocrx_word' id='word_1_162' title='bbox 726 1621 783 1678; x_wconf 90' lang='lat' dir='ltr'><strong>in</strong></span> <span class='ocrx_word' id='word_1_163' title='bbox 817 1622 1107 1700; x_wconf 86' lang='lat' dir='ltr'><strong>parentis,</strong></span> <span class='ocrx_word' id='word_1_164' title='bbox 1148 1621 1207 1679; x_wconf 90' lang='lat' dir='ltr'><strong>in</strong></span> <span class='ocrx_word' id='word_1_165' title='bbox 1247 1620 1409 1680; x_wconf 88' lang='lat' dir='ltr'><strong>amici</strong></span> <span class='ocrx_word' id='word_1_166' title='bbox 1445 1640 1509 1681; x_wconf 88' lang='lat' dir='ltr'><strong>re</strong></span> <span class='ocrx_word' id='word_1_167' title='bbox 1542 1626 1642 1679; x_wconf 87' lang='lat' dir='ltr'><strong>aut</strong></span> <span class='ocrx_word' id='word_1_168' title='bbox 1678 1619 1920 1700; x_wconf 86' lang='lat' dir='ltr'><strong>periculo</strong></span> <span class='ocrx_word' id='word_1_169' title='bbox 1964 1621 2173 1682; x_wconf 83' lang='lat' dir='ltr'><strong>fecerit.</strong></span> <span class='ocrx_word' id='word_1_170' title='bbox 2240 1611 2326 1681; x_wconf 81' lang='lat'>155.</span> 
     </span>
     <span class='ocr_line' id='line_1_19' title="bbox 387 1700 2327 1786; baseline 0.001 -25"><span class='ocrx_word' id='word_1_171' title='bbox 387 1702 618 1772; x_wconf 78' lang='lat' dir='ltr'><strong>‘Quibus</strong></span> <span class='ocrx_word' id='word_1_172' title='bbox 644 1703 807 1765; x_wconf 82' lang='lat' dir='ltr'><strong>rebus</strong></span> <span class='ocrx_word' id='word_1_173' title='bbox 822 1707 1142 1783; x_wconf 84' lang='lat' dir='ltr'><strong>intelligitur</strong></span> <span class='ocrx_word' id='word_1_174' title='bbox 1169 1707 1367 1764; x_wconf 84' lang='lat' dir='ltr'><strong>studiis</strong></span> <span class='ocrx_word' id='word_1_175' title='bbox 1395 1706 1705 1785; x_wconf 83' lang='lat' dir='ltr'><strong>officiisque</strong></span> <span class='ocrx_word' id='word_1_176' title='bbox 1722 1706 1993 1767; x_wconf 71' lang='lat' dir='ltr'><strong>scientiae</strong></span> <span class='ocrx_word' id='word_1_177' title='bbox 2013 1700 2327 1786; x_wconf 66' lang='lat' dir='ltr'><strong>praeponendi</strong></span> 
     </span>
     <span class='ocr_line' id='line_1_20' title="bbox 395 1788 2323 1870; baseline 0.004 -22"><span class='ocrx_word' id='word_1_178' title='bbox 395 1806 521 1849; x_wconf 79' lang='lat' dir='ltr'><strong>esse</strong></span> <span class='ocrx_word' id='word_1_179' title='bbox 556 1788 742 1849; x_wconf 88' lang='lat' dir='ltr'><strong>officia</strong></span> <span class='ocrx_word' id='word_1_180' title='bbox 787 1791 1034 1851; x_wconf 88' lang='lat' dir='ltr'><strong>iustitiae</strong></span> <span class='ocrx_word' id='word_1_181' title='bbox 1047 1831 1066 1864; x_wconf 99' lang='lat'><strong>,</strong></span> <span class='ocrx_word' id='word_1_182' title='bbox 1124 1811 1271 1868; x_wconf 87' lang='lat' dir='ltr'><strong>quae</strong></span> <span class='ocrx_word' id='word_1_183' title='bbox 1312 1793 1595 1870; x_wconf 84' lang='lat' dir='ltr'><strong>pertinent</strong></span> <span class='ocrx_word' id='word_1_184' title='bbox 1632 1791 1708 1850; x_wconf 90' lang='lat' dir='ltr'><strong>ad</strong></span> <span class='ocrx_word' id='word_1_185' title='bbox 1765 1791 2057 1853; x_wconf 81' lang='lat' dir='ltr'><strong>hominum</strong></span> <span class='ocrx_word' id='word_1_186' title='bbox 2098 1793 2323 1855; x_wconf 54' lang='lat' dir='ltr'><strong>caritatem</strong></span> 
     </span>
     <span class='ocr_line' id='line_1_21' title="bbox 395 1812 2368 1956; baseline 0 -25"><span class='ocrx_word' id='word_1_187' title='bbox 395 1891 508 1951; x_wconf 89' lang='lat' dir='ltr'><strong>qua</strong></span> <span class='ocrx_word' id='word_1_188' title='bbox 529 1873 663 1939; x_wconf 84' lang='lat' dir='ltr'><strong>nihil</strong></span> <span class='ocrx_word' id='word_1_189' title='bbox 689 1875 897 1935; x_wconf 91' lang='lat' dir='ltr'><strong>homini</strong></span> <span class='ocrx_word' id='word_1_190' title='bbox 920 1896 1044 1937; x_wconf 83' lang='lat' dir='ltr'><strong>esse</strong></span> <span class='ocrx_word' id='word_1_191' title='bbox 1075 1877 1248 1936; x_wconf 88' lang='lat' dir='ltr'><strong>debet</strong></span> <span class='ocrx_word' id='word_1_192' title='bbox 1268 1877 1567 1954; x_wconf 76' lang='lat' dir='ltr'><strong>antiquius·</strong></span> <span class='ocrx_word' id='word_1_193' title='bbox 1648 1874 1852 1936; x_wconf 84' lang='lat' dir='ltr'>XLIV.</span> <span class='ocrx_word' id='word_1_194' title='bbox 1891 1876 2089 1956; x_wconf 83' lang='lat' dir='ltr'><strong>Atque</strong></span> <span class='ocrx_word' id='word_1_195' title='bbox 2107 1877 2208 1956; x_wconf 86' lang='lat' dir='ltr'><strong>illi,</strong></span> <span class='ocrx_word' id='word_1_196' title='bbox 2239 1889 2324 1950; x_wconf 86' lang='lat' dir='ltr'><strong>quo·</strong></span> <span class='ocrx_word' id='word_1_197' title='bbox 2362 1812 2368 1929; x_wconf 64' lang='lat' dir='ltr'><strong>i</strong></span> 
     </span>
    </p>
   </div>
   <div class='ocr_carea' id='block_1_4' title="bbox 303 2043 2363 3403">
    <p class='ocr_par' dir='ltr' id='par_1_4' title="bbox 303 2043 2363 3403">
     <span class='ocr_line' id='line_1_22' title="bbox 339 2043 2321 2122; baseline 0.001 -21"><span class='ocrx_word' id='word_1_198' title='bbox 339 2049 347 2059; x_wconf 89' lang='lat'><strong><em>‘</em></strong></span> <span class='ocrx_word' id='word_1_199' title='bbox 393 2043 467 2101; x_wconf 86' lang='lat' dir='ltr'><strong>ab</strong></span> <span class='ocrx_word' id='word_1_200' title='bbox 492 2045 762 2122; x_wconf 80' lang='lat' dir='ltr'><strong>augendis</strong></span> <span class='ocrx_word' id='word_1_201' title='bbox 787 2045 1069 2106; x_wconf 90' lang='lat' dir='ltr'><strong>hominum</strong></span> <span class='ocrx_word' id='word_1_202' title='bbox 1087 2047 1419 2109; x_wconf 69' lang='lat' dir='ltr'><strong>utilitatibus</strong></span> <span class='ocrx_word' id='word_1_203' title='bbox 1445 2053 1502 2107; x_wconf 91' lang='lat' dir='ltr'><strong>et</strong></span> <span class='ocrx_word' id='word_1_204' title='bbox 1542 2048 1842 2110; x_wconf 87' lang='lat' dir='ltr'><strong>commodis</strong></span> <span class='ocrx_word' id='word_1_205' title='bbox 1881 2065 2006 2109; x_wconf 87' lang='lat' dir='ltr'><strong>non</strong></span> <span class='ocrx_word' id='word_1_206' title='bbox 2037 2048 2321 2108; x_wconf 65' lang='lat' dir='ltr'><strong>recessum</strong></span> 
     </span>
     <span class='ocr_line' id='line_1_23' title="bbox 390 2125 2323 2210; baseline 0.002 -24"><span class='ocrx_word' id='word_1_207' title='bbox 390 2125 541 2205; x_wconf 78' lang='lat' dir='ltr'><strong>Nam</strong></span> <span class='ocrx_word' id='word_1_208' title='bbox 565 2132 624 2189; x_wconf 91' lang='lat' dir='ltr'><strong>et</strong></span> <span class='ocrx_word' id='word_1_209' title='bbox 648 2130 1003 2193; x_wconf 85' lang='lat' dir='ltr'><strong>erudiverunt</strong></span> <span class='ocrx_word' id='word_1_210' title='bbox 1028 2132 1232 2192; x_wconf 86' lang='lat' dir='ltr'><strong>multos</strong></span> <span class='ocrx_word' id='word_1_211' title='bbox 1246 2178 1265 2207; x_wconf 90' lang='lat'>‚</span> <span class='ocrx_word' id='word_1_212' title='bbox 1306 2151 1419 2209; x_wconf 87' lang='lat' dir='ltr'><strong>quo</strong></span> <span class='ocrx_word' id='word_1_213' title='bbox 1450 2132 1704 2192; x_wconf 88' lang='lat' dir='ltr'><strong>meliores</strong></span> <span class='ocrx_word' id='word_1_214' title='bbox 1732 2132 1882 2191; x_wconf 85' lang='lat' dir='ltr'><strong>cives</strong></span> <span class='ocrx_word' id='word_1_215' title='bbox 1911 2133 2245 2210; x_wconf 81' lang='lat' dir='ltr'><strong>utilioresque</strong></span> <span class='ocrx_word' id='word_1_216' title='bbox 2268 2146 2323 2189; x_wconf 81' lang='lat' dir='ltr'><strong>re·</strong></span> 
     </span>
     <span class='ocr_line' id='line_1_24' title="bbox 390 2213 2322 2311; baseline 0 -37"><span class='ocrx_word' id='word_1_217' title='bbox 390 2214 498 2274; x_wconf 88' lang='lat' dir='ltr'><strong>bus</strong></span> <span class='ocrx_word' id='word_1_218' title='bbox 522 2215 636 2273; x_wconf 83' lang='lat' dir='ltr'><strong>suis</strong></span> <span class='ocrx_word' id='word_1_219' title='bbox 661 2217 892 2296; x_wconf 89' lang='lat' dir='ltr'><strong>publicis</strong></span> <span class='ocrx_word' id='word_1_220' title='bbox 920 2225 1141 2279; x_wconf 84' lang='lat' dir='ltr'><strong>essent:</strong></span> <span class='ocrx_word' id='word_1_221' title='bbox 1165 2217 1247 2276; x_wconf 82' lang='lat' dir='ltr'><strong>&#39;ut</strong></span> <span class='ocrx_word' id='word_1_222' title='bbox 1264 2217 1601 2278; x_wconf 82' lang='lat' dir='ltr'><strong>Thebanum</strong></span> <span class='ocrx_word' id='word_1_223' title='bbox 1616 2216 2068 2311; x_wconf 62' lang='lat' dir='ltr'><strong>Epaminondam</strong></span> <span class='ocrx_word' id='word_1_224' title='bbox 2092 2219 2234 2296; x_wconf 77' lang='lat' dir='ltr'><strong>Lysis</strong></span> <span class='ocrx_word' id='word_1_225' title='bbox 2252 2213 2322 2288; x_wconf 80' lang='lat' dir='ltr'><strong>Py·</strong></span> 
     </span>
     <span class='ocr_line' id='line_1_25' title="bbox 388 2297 2363 2380; baseline 0.002 -23"><span class='ocrx_word' id='word_1_226' title='bbox 388 2297 720 2379; x_wconf 84' lang='lat' dir='ltr'><strong>thagoreus,</strong></span> <span class='ocrx_word' id='word_1_227' title='bbox 761 2302 1114 2380; x_wconf 88' lang='lat' dir='ltr'><strong>Syracusium</strong></span> <span class='ocrx_word' id='word_1_228' title='bbox 1149 2302 1393 2363; x_wconf 88' lang='lat' dir='ltr'><strong>Dionem</strong></span> <span class='ocrx_word' id='word_1_229' title='bbox 1436 2300 1600 2362; x_wconf 88' lang='lat' dir='ltr'><strong>Plato</strong></span> <span class='ocrx_word' id='word_1_230' title='bbox 1615 2345 1636 2376; x_wconf 90' lang='lat'><strong>,</strong></span> <span class='ocrx_word' id='word_1_231' title='bbox 1675 2303 1955 2380; x_wconf 88' lang='lat' dir='ltr'><strong>multique</strong></span> <span class='ocrx_word' id='word_1_232' title='bbox 1995 2304 2211 2376; x_wconf 77' lang='lat' dir='ltr'><strong>mu1t0s3</strong></span> <span class='ocrx_word' id='word_1_233' title='bbox 2238 2317 2321 2360; x_wconf 78' lang='lat' dir='ltr'><strong>nos·</strong></span> <span class='ocrx_word' id='word_1_234' title='bbox 2362 2328 2363 2335; x_wconf 47' lang='lat'>¹</span> 
     </span>
     <span class='ocr_line' id='line_1_26' title="bbox 389 2382 2321 2467; baseline 0 -24"><span class='ocrx_word' id='word_1_235' title='bbox 389 2403 504 2462; x_wconf 90' lang='lat' dir='ltr'><strong>que</strong></span> <span class='ocrx_word' id='word_1_236' title='bbox 539 2385 679 2466; x_wconf 83' lang='lat' dir='ltr'><strong>ipsi,</strong></span> <span class='ocrx_word' id='word_1_237' title='bbox 722 2390 995 2467; x_wconf 89' lang='lat' dir='ltr'><strong>quidquid</strong></span> <span class='ocrx_word' id='word_1_238' title='bbox 1038 2390 1115 2448; x_wconf 88' lang='lat' dir='ltr'><strong>ad</strong></span> <span class='ocrx_word' id='word_1_239' title='bbox 1158 2408 1278 2448; x_wconf 87' lang='lat' dir='ltr'><strong>rem</strong></span> <span class='ocrx_word' id='word_1_240' title='bbox 1315 2387 1585 2466; x_wconf 84' lang='lat' dir='ltr'><strong>publicam</strong></span> <span class='ocrx_word' id='word_1_241' title='bbox 1622 2388 1941 2462; x_wconf 82' lang='lat' dir='ltr'><strong>attulimus,</strong></span> <span class='ocrx_word' id='word_1_242' title='bbox 1988 2390 2072 2465; x_wconf 85' lang='lat' dir='ltr'><strong>(si</strong></span> <span class='ocrx_word' id='word_1_243' title='bbox 2103 2389 2245 2450; x_wconf 86' lang='lat' dir='ltr'><strong>modo</strong></span> <span class='ocrx_word' id='word_1_244' title='bbox 2260 2382 2321 2443; x_wconf 75' lang='lat' dir='ltr'><strong>nli·</strong></span> 
     </span>
     <span class='ocr_line' id='line_1_27' title="bbox 388 2468 2320 2551; baseline 0.001 -22"><span class='ocrx_word' id='word_1_245' title='bbox 388 2471 527 2547; x_wconf 88' lang='lat' dir='ltr'><strong>quid</strong></span> <span class='ocrx_word' id='word_1_246' title='bbox 550 2473 885 2549; x_wconf 89' lang='lat' dir='ltr'><strong>attulimus‚)</strong></span> <span class='ocrx_word' id='word_1_247' title='bbox 926 2493 963 2533; x_wconf 90' lang='lat' dir='ltr'><strong>a</strong></span> <span class='ocrx_word' id='word_1_248' title='bbox 989 2474 1309 2535; x_wconf 87' lang='lat' dir='ltr'><strong>doctoribus</strong></span> <span class='ocrx_word' id='word_1_249' title='bbox 1337 2478 1505 2551; x_wconf 88' lang='lat' dir='ltr'><strong>atque</strong></span> <span class='ocrx_word' id='word_1_250' title='bbox 1543 2491 1580 2532; x_wconf 88' lang='lat' dir='ltr'><strong>a</strong></span> <span class='ocrx_word' id='word_1_251' title='bbox 1611 2473 1863 2532; x_wconf 87' lang='lat' dir='ltr'><strong>doctrina</strong></span> <span class='ocrx_word' id='word_1_252' title='bbox 1889 2476 2143 2535; x_wconf 84' lang='lat' dir='ltr'><strong>instructi</strong></span> <span class='ocrx_word' id='word_1_253' title='bbox 2163 2468 2226 2533; x_wconf 81' lang='lat' dir='ltr'><strong>ad</strong></span> <span class='ocrx_word' id='word_1_254' title='bbox 2243 2486 2320 2531; x_wconf 72' lang='lat' dir='ltr'><strong>eum</strong></span> 
     </span>
     <span class='ocr_line' id='line_1_28' title="bbox 388 2558 2361 2641; baseline 0.005 -27"><span class='ocrx_word' id='word_1_255' title='bbox 388 2561 446 2614; x_wconf 87' lang='lat' dir='ltr'><strong>et</strong></span> <span class='ocrx_word' id='word_1_256' title='bbox 459 2559 642 2616; x_wconf 88' lang='lat' dir='ltr'><strong>ornati</strong></span> <span class='ocrx_word' id='word_1_257' title='bbox 655 2560 1000 2641; x_wconf 75' lang='lat' dir='ltr'><strong>accessimus.</strong></span> <span class='ocrx_word' id='word_1_258' title='bbox 1045 2559 1188 2624; x_wconf 85' lang='lat'><strong>156.</strong></span> <span class='ocrx_word' id='word_1_259' title='bbox 1213 2558 1416 2636; x_wconf 89' lang='lat' dir='ltr'><strong>Neque</strong></span> <span class='ocrx_word' id='word_1_260' title='bbox 1428 2558 1603 2618; x_wconf 85' lang='lat' dir='ltr'><strong>solum</strong></span> <span class='ocrx_word' id='word_1_261' title='bbox 1622 2560 1729 2617; x_wconf 77' lang='lat' dir='ltr'><strong>vivi</strong></span> <span class='ocrx_word' id='word_1_262' title='bbox 1741 2563 1913 2635; x_wconf 91' lang='lat' dir='ltr'><strong>atque</strong></span> <span class='ocrx_word' id='word_1_263' title='bbox 1936 2560 2318 2639; x_wconf 57' lang='lat' dir='ltr'><strong>praesentem</strong></span> <span class='ocrx_word' id='word_1_264' title='bbox 2360 2620 2361 2623; x_wconf 74' lang='grc'>,</span> 
     </span>
     <span class='ocr_line' id='line_1_29' title="bbox 388 2639 2319 2723; baseline 0.003 -24"><span class='ocrx_word' id='word_1_265' title='bbox 388 2639 578 2700; x_wconf 86' lang='lat' dir='ltr'><strong>diosos</strong></span> <span class='ocrx_word' id='word_1_266' title='bbox 610 2643 858 2723; x_wconf 80' lang='lat' dir='ltr'><strong>discendi</strong></span> <span class='ocrx_word' id='word_1_267' title='bbox 884 2645 1144 2706; x_wconf 83' lang='lat' dir='ltr'><strong>erudiunt</strong></span> <span class='ocrx_word' id='word_1_268' title='bbox 1170 2649 1342 2720; x_wconf 89' lang='lat' dir='ltr'><strong>atque</strong></span> <span class='ocrx_word' id='word_1_269' title='bbox 1369 2644 1606 2716; x_wconf 81' lang='lat' dir='ltr'><strong>docent3</strong></span> <span class='ocrx_word' id='word_1_270' title='bbox 1642 2644 1745 2703; x_wconf 89' lang='lat' dir='ltr'><strong>sed</strong></span> <span class='ocrx_word' id='word_1_271' title='bbox 1768 2642 1878 2721; x_wconf 82' lang='lat' dir='ltr'><strong>hoc</strong></span> <span class='ocrx_word' id='word_1_272' title='bbox 1903 2642 2319 2720; x_wconf 64' lang='lat' dir='ltr'><strong>idem&#39;etiampoti</strong></span> 
     </span>
     <span class='ocr_line' id='line_1_30' title="bbox 386 2721 2316 2813; baseline 0.002 -29"><span class='ocrx_word' id='word_1_273' title='bbox 386 2732 622 2786; x_wconf 89' lang='lat' dir='ltr'><strong>mortem</strong></span> <span class='ocrx_word' id='word_1_274' title='bbox 641 2726 1009 2813; x_wconf 78' lang='lat' dir='ltr'><strong>monumentis</strong></span> <span class='ocrx_word' id='word_1_275' title='bbox 1022 2729 1307 2788; x_wconf 86' lang='lat' dir='ltr'><strong>literarum</strong></span> <span class='ocrx_word' id='word_1_276' title='bbox 1324 2734 1710 2806; x_wconf 84' lang='lat' dir='ltr'><strong>assequuntur.</strong></span> <span class='ocrx_word' id='word_1_277' title='bbox 1753 2727 1960 2805; x_wconf 89' lang='lat' dir='ltr'><strong>Neque</strong></span> <span class='ocrx_word' id='word_1_278' title='bbox 1984 2721 2316 2791; x_wconf 62' lang='lat' dir='ltr'><strong>enimlocnsul</strong></span> 
     </span>
     <span class='ocr_line' id='line_1_31' title="bbox 383 2804 2315 2894; baseline 0 -26"><span class='ocrx_word' id='word_1_279' title='bbox 383 2810 470 2869; x_wconf 87' lang='lat' dir='ltr'><strong>lus</strong></span> <span class='ocrx_word' id='word_1_280' title='bbox 494 2817 911 2890; x_wconf 87' lang='lat' dir='ltr'><strong>praetermissus</strong></span> <span class='ocrx_word' id='word_1_281' title='bbox 929 2812 1061 2894; x_wconf 87' lang='lat' dir='ltr'><strong>[est]</strong></span> <span class='ocrx_word' id='word_1_282' title='bbox 1091 2814 1163 2873; x_wconf 86' lang='lat' dir='ltr'><strong>ab</strong></span> <span class='ocrx_word' id='word_1_283' title='bbox 1195 2814 1284 2888; x_wconf 89' lang='lat' dir='ltr'><strong>iis,</strong></span> <span class='ocrx_word' id='word_1_284' title='bbox 1313 2815 1409 2891; x_wconf 88' lang='lat' dir='ltr'><strong>qui</strong></span> <span class='ocrx_word' id='word_1_285' title='bbox 1424 2815 1500 2873; x_wconf 87' lang='lat' dir='ltr'><strong>ad</strong></span> <span class='ocrx_word' id='word_1_286' title='bbox 1529 2814 1705 2891; x_wconf 78' lang='lat' dir='ltr'><strong>legeS,</strong></span> <span class='ocrx_word' id='word_1_287' title='bbox 1732 2814 1829 2890; x_wconf 73' lang='lat' dir='ltr'><strong>qui</strong></span> <span class='ocrx_word' id='word_1_288' title='bbox 1855 2814 1932 2872; x_wconf 84' lang='lat' dir='ltr'><strong>ad</strong></span> <span class='ocrx_word' id='word_1_289' title='bbox 1958 2835 2157 2889; x_wconf 85' lang='lat' dir='ltr'><strong>mores,</strong></span> <span class='ocrx_word' id='word_1_290' title='bbox 2182 2811 2255 2891; x_wconf 87' lang='lat' dir='ltr'><strong>qui</strong></span> <span class='ocrx_word' id='word_1_291' title='bbox 2270 2804 2315 2868; x_wconf 74' lang='lat' dir='ltr'><strong>ad</strong></span> 
     </span>
     <span class='ocr_line' id='line_1_32' title="bbox 383 2887 2312 2980; baseline 0.002 -25"><span class='ocrx_word' id='word_1_292' title='bbox 383 2896 724 2975; x_wconf 85' lang='lat' dir='ltr'><strong>disciplinam</strong></span> <span class='ocrx_word' id='word_1_293' title='bbox 735 2901 817 2960; x_wconf 86' lang='lat' dir='ltr'><strong>rei</strong></span> <span class='ocrx_word' id='word_1_294' title='bbox 837 2901 1090 2980; x_wconf 89' lang='lat' dir='ltr'><strong>publicae</strong></span> <span class='ocrx_word' id='word_1_295' title='bbox 1115 2901 1447 2978; x_wconf 72' lang='lat' dir='ltr'><strong>pertineretz</strong></span> <span class='ocrx_word' id='word_1_296' title='bbox 1476 2905 1555 2976; x_wconf 20' lang='lat' dir='ltr'><strong>ut,</strong></span> <span class='ocrx_word' id='word_1_297' title='bbox 1569 2901 1741 2959; x_wconf 62' lang='lat' dir='ltr'><strong>otium</strong></span> <span class='ocrx_word' id='word_1_298' title='bbox 1762 2887 2013 2960; x_wconf 74' lang='lat' dir='ltr'><strong>suum-aii</strong></span> <span class='ocrx_word' id='word_1_299' title='bbox 2027 2906 2312 2960; x_wconf 76' lang='lat' dir='ltr'><strong>nosti-umne-</strong></span> 
     </span>
     <span class='ocr_line' id='line_1_33' title="bbox 335 2978 2312 3063; baseline -0.001 -25"><span class='ocrx_word' id='word_1_300' title='bbox 335 3042 344 3047; x_wconf 61' lang='grc'><strong>,</strong></span> <span class='ocrx_word' id='word_1_301' title='bbox 381 2982 604 3059; x_wconf 59' lang='grc' dir='ltr'><strong>(ξοῐίυιιιἱ</strong></span> <span class='ocrx_word' id='word_1_302' title='bbox 623 2985 918 3046; x_wconf 86' lang='lat' dir='ltr'><strong>contulisse</strong></span> <span class='ocrx_word' id='word_1_303' title='bbox 937 2986 1247 3045; x_wconf 85' lang='lat' dir='ltr'><strong>videantur.</strong></span> <span class='ocrx_word' id='word_1_304' title='bbox 1331 2985 1421 3045; x_wconf 85' lang='lat' dir='ltr'><strong>lta</strong></span> <span class='ocrx_word' id='word_1_305' title='bbox 1446 2982 1522 3043; x_wconf 89' lang='lat' dir='ltr'><strong>illi</strong></span> <span class='ocrx_word' id='word_1_306' title='bbox 1547 2984 1658 3063; x_wconf 90' lang='lat' dir='ltr'><strong>ipsi</strong></span> <span class='ocrx_word' id='word_1_307' title='bbox 1685 2984 1973 3046; x_wconf 88' lang='lat' dir='ltr'><strong>doctrinae</strong></span> <span class='ocrx_word' id='word_1_308' title='bbox 1995 2978 2179 3063; x_wconf 80' lang='lat' dir='ltr'><strong>studiis</strong></span> <span class='ocrx_word' id='word_1_309' title='bbox 2198 2987 2312 3042; x_wconf 56' lang='lat' dir='ltr'><strong>etse</strong></span> 
     </span>
     <span class='ocr_line' id='line_1_34' title="bbox 381 3066 2312 3148; baseline 0.003 -23"><span class='ocrx_word' id='word_1_310' title='bbox 381 3066 625 3144; x_wconf 84' lang='lat' dir='ltr'><strong>pientiae</strong></span> <span class='ocrx_word' id='word_1_311' title='bbox 663 3071 838 3131; x_wconf 88' lang='lat' dir='ltr'><strong>dediti</strong></span> <span class='ocrx_word' id='word_1_312' title='bbox 861 3072 938 3130; x_wconf 89' lang='lat' dir='ltr'><strong>ad</strong></span> <span class='ocrx_word' id='word_1_313' title='bbox 970 3071 1254 3132; x_wconf 86' lang='lat' dir='ltr'><strong>hominum</strong></span> <span class='ocrx_word' id='word_1_314' title='bbox 1277 3070 1569 3129; x_wconf 85' lang='lat' dir='ltr'><strong>utilitatem</strong></span> <span class='ocrx_word' id='word_1_315' title='bbox 1612 3087 1769 3127; x_wconf 89' lang='lat' dir='ltr'><strong>suam</strong></span> <span class='ocrx_word' id='word_1_316' title='bbox 1802 3069 2204 3148; x_wconf 80' lang='lat' dir='ltr'><strong>intelligentiam</strong></span> <span class='ocrx_word' id='word_1_317' title='bbox 2222 3080 2312 3145; x_wconf 70' lang='lat' dir='ltr'><strong>pfl*</strong></span> 
     </span>
     <span class='ocr_line' id='line_1_35' title="bbox 303 3143 2312 3234; baseline 0.002 -24"><span class='ocrx_word' id='word_1_318' title='bbox 303 3220 314 3225; x_wconf 30' lang='lat'><strong>⁴</strong></span> <span class='ocrx_word' id='word_1_319' title='bbox 381 3150 740 3232; x_wconf 76' lang='lat' dir='ltr'><strong>dentiumque</strong></span> <span class='ocrx_word' id='word_1_320' title='bbox 777 3156 1121 3234; x_wconf 89' lang='lat' dir='ltr'><strong>potissimum</strong></span> <span class='ocrx_word' id='word_1_321' title='bbox 1156 3151 1480 3226; x_wconf 69' lang='lat' dir='ltr'><strong>confeiunt3</strong></span> <span class='ocrx_word' id='word_1_322' title='bbox 1538 3154 1611 3212; x_wconf 91' lang='lat' dir='ltr'><strong>ob</strong></span> <span class='ocrx_word' id='word_1_323' title='bbox 1654 3170 1890 3230; x_wconf 86' lang='lat' dir='ltr'><strong>eamque</strong></span> <span class='ocrx_word' id='word_1_324' title='bbox 1930 3175 2147 3216; x_wconf 82' lang='lat' dir='ltr'><strong>causam</strong></span> <span class='ocrx_word' id='word_1_325' title='bbox 2178 3143 2312 3225; x_wconf 66' lang='lat' dir='ltr'><strong>eloqtfi</strong></span> 
     </span>
     <span class='ocr_line' id='line_1_36' title="bbox 380 3235 2309 3319; baseline 0.002 -24"><span class='ocrx_word' id='word_1_326' title='bbox 380 3238 639 3316; x_wconf 80' lang='lat' dir='ltr'><strong>copiose,</strong></span> <span class='ocrx_word' id='word_1_327' title='bbox 680 3242 849 3299; x_wconf 86' lang='lat' dir='ltr'><strong>modo</strong></span> <span class='ocrx_word' id='word_1_328' title='bbox 878 3242 1207 3319; x_wconf 85' lang='lat' dir='ltr'><strong>prudenter,</strong></span> <span class='ocrx_word' id='word_1_329' title='bbox 1250 3240 1445 3300; x_wconf 88' lang='lat' dir='ltr'><strong>melius</strong></span> <span class='ocrx_word' id='word_1_330' title='bbox 1473 3244 1560 3302; x_wconf 84' lang='lat' dir='ltr'><strong>est</strong></span> <span class='ocrx_word' id='word_1_331' title='bbox 1586 3257 1752 3315; x_wconf 86' lang='lat' dir='ltr'><strong>quam</strong></span> <span class='ocrx_word' id='word_1_332' title='bbox 1773 3239 1868 3300; x_wconf 76' lang='lat' dir='ltr'><strong>vel</strong></span> <span class='ocrx_word' id='word_1_333' title='bbox 1902 3244 2201 3301; x_wconf 71' lang='lat' dir='ltr'><strong>acutissime</strong></span> <span class='ocrx_word' id='word_1_334' title='bbox 2229 3235 2309 3294; x_wconf 65' lang='lat' dir='ltr'><strong>sim</strong></span> 
     </span>
     <span class='ocr_line' id='line_1_37' title="bbox 379 3311 2308 3403; baseline -0.003 -19"><span class='ocrx_word' id='word_1_335' title='bbox 379 3322 699 3400; x_wconf 85' lang='lat' dir='ltr'><strong>eloquentia</strong></span> <span class='ocrx_word' id='word_1_336' title='bbox 741 3326 1016 3400; x_wconf 83' lang='lat' dir='ltr'><strong>cogitare,</strong></span> <span class='ocrx_word' id='word_1_337' title='bbox 1070 3311 1224 3402; x_wconf 78' lang='lat' dir='ltr'><strong>quod</strong></span> <span class='ocrx_word' id='word_1_338' title='bbox 1260 3326 1531 3402; x_wconf 72' lang='lat' dir='ltr'><strong>cogitatio</strong></span> <span class='ocrx_word' id='word_1_339' title='bbox 1557 3325 1618 3382; x_wconf 87' lang='lat' dir='ltr'><strong>in</strong></span> <span class='ocrx_word' id='word_1_340' title='bbox 1657 3343 1725 3389; x_wconf 85' lang='lat' dir='ltr'><strong>se</strong></span> <span class='ocrx_word' id='word_1_341' title='bbox 1760 3324 1886 3403; x_wconf 84' lang='lat' dir='ltr'><strong>ipsa</strong></span> <span class='ocrx_word' id='word_1_342' title='bbox 1925 3327 2183 3397; x_wconf 66' lang='lat' dir='ltr'><strong>ven-titum,</strong></span> <span class='ocrx_word' id='word_1_343' title='bbox 2230 3317 2308 3379; x_wconf 77' lang='lat' dir='ltr'><strong>do-</strong></span> 
     </span>
    </p>
   </div>
   <div class='ocr_carea' id='block_1_5' title="bbox 2356 1549 2372 2881">
    <p class='ocr_par' dir='ltr' id='par_1_5' title="bbox 2356 1549 2372 2881">
     <span class='ocr_line' id='line_1_38' title="bbox 2356 1549 2372 2881; baseline 0 0"><span class='ocrx_word' id='word_1_344' title='bbox 2356 1549 2372 2881; x_wconf 95' lang='lat' dir='ltr'><strong> </strong></span> 
     </span>
    </p>
   </div>
   <div class='ocr_carea' id='block_1_6' title="bbox 373 3492 2303 3659">
    <p class='ocr_par' dir='ltr' id='par_1_6' title="bbox 373 3284 2357 3659">
     <span class='ocr_line' id='line_1_39' title="bbox 378 3492 2303 3572; baseline -0.002 -16"><span class='ocrx_word' id='word_1_345' title='bbox 378 3492 518 3556; x_wconf 85' lang='lat'><strong>157.</strong></span> <span class='ocrx_word' id='word_1_346' title='bbox 558 3495 743 3570; x_wconf 83' lang='lat' dir='ltr'><strong>Atque</strong></span> <span class='ocrx_word' id='word_1_347' title='bbox 777 3501 844 3554; x_wconf 87' lang='lat' dir='ltr'><strong>ut</strong></span> <span class='ocrx_word' id='word_1_348' title='bbox 867 3513 1032 3572; x_wconf 86' lang='lat' dir='ltr'><strong>apum</strong></span> <span class='ocrx_word' id='word_1_349' title='bbox 1056 3499 1310 3556; x_wconf 83' lang='lat' dir='ltr'><strong>examina</strong></span> <span class='ocrx_word' id='word_1_350' title='bbox 1348 3515 1464 3555; x_wconf 89' lang='lat' dir='ltr'><strong>non</strong></span> <span class='ocrx_word' id='word_1_351' title='bbox 1502 3494 2157 3571; x_wconf 77' lang='lat' dir='ltr'><strong>fingendorum·favon1m</strong></span> <span class='ocrx_word' id='word_1_352' title='bbox 2187 3501 2303 3553; x_wconf 66' lang='lat' dir='ltr'><strong>cmm</strong></span> 
     </span>
     <span class='ocr_line' id='line_1_40' title="bbox 373 3575 2301 3659; baseline 0.004 -25"><span class='ocrx_word' id='word_1_353' title='bbox 373 3586 815 3656; x_wconf 83' lang='lat' dir='ltr'><strong>congregantur,</strong></span> <span class='ocrx_word' id='word_1_354' title='bbox 875 3581 1005 3656; x_wconf 83' lang='lat' dir='ltr'><strong>sed,</strong></span> <span class='ocrx_word' id='word_1_355' title='bbox 1047 3596 1233 3659; x_wconf 79' lang='lat' dir='ltr'><strong>quum</strong></span> <span class='ocrx_word' id='word_1_356' title='bbox 1265 3580 1679 3659; x_wconf 72' lang='lat' dir='ltr'><strong>congregabilia</strong></span> <span class='ocrx_word' id='word_1_357' title='bbox 1712 3586 1917 3645; x_wconf 78' lang='lat' dir='ltr'><strong>nutura</strong></span> <span class='ocrx_word' id='word_1_358' title='bbox 1944 3584 2094 3655; x_wconf 57' lang='lat' dir='ltr'><strong>sint,</strong></span> <span class='ocrx_word' id='word_1_359' title='bbox 2118 3575 2301 3652; x_wconf 70' lang='lat' dir='ltr'><strong>-fingmt</strong></span> 
     </span>
    </p>
   </div>
   <div class='ocr_carea' id='block_1_7' title="bbox 2228 3708 2355 3797">
    <p class='ocr_par' dir='ltr' id='par_1_7' title="bbox 2228 3708 2355 3797">
     <span class='ocr_line' id='line_1_41' title="bbox 2228 3708 2355 3797; baseline 0 0"><span class='ocrx_word' id='word_1_360' title='bbox 2228 3710 2237 3723; x_wconf 78' lang='lat'><strong>&#39;</strong></span> <span class='ocrx_word' id='word_1_361' title='bbox 2354 3708 2355 3797; x_wconf 60' lang='lat' dir='ltr'><strong>l</strong></span> 
     </span>
    </p>
   </div>
  </div>
 </body>
</html>
