2417 3967
344 204 434 335 aa
625 210 652 323 J
764 243 1293 353 emenonis
1334 244 1455 308 DE
1499 245 1918 310 oramus

351 400 565 467 Punico
589 401 852 477 secundo,
881 419 1027 479 quae
1054 399 1341 465 Cannensi
1366 400 1679 464 calamitate
1701 408 1930 481 accepta
1946 399 2195 460 ‘maiores
2221 400 2327 459 ani-

281 484 288 491 ’
351 510 477 551 mos
508 489 716 561 habuit,
739 506 908 566 quam,
937 502 1180 565 unquam
1205 490 1371 548 rebus
1405 491 1678 548 secundiS.
1734 488 1903 547 Nulla
1928 486 2148 545 timoris
2172 484 2326 562 signi·

339 576 555 646 ficatio,
597 573 747 634 nulla
774 573 981 632 mentio
1023 574 1196 650 pacis.
1285 571 1479 632 Tanta
1500 575 1583 631 vis
1609 580 1696 655 est
1717 573 1968 645 honesti,
2013 576 2080 629 ut
2107 572 2325 649 speciem

347 661 601 735 utilitatis
631 661 909 718 obscuret.
993 658 1098 722 48.
1140 658 1503 719 Athenienses
1544 674 1716 736 quum
1749 657 2050 718 Persarum
2080 657 2324 734 impetum

250 756 258 767 “
348 746 503 807 nullo
540 746 707 804 modo
748 749 981 821 possent
1024 743 1297 804 sustinere
1337 749 1787 821 statuerentque,
1826 748 1922 809 ‚ut
1973 741 2107 799 urbe
2142 740 2323 814 relicta,

350 831 669 907 coniugibus
697 833 747 888 et
775 828 955 887 liberis
979 827 1237 887 Troezene
1259 827 1509 905 depositis
1524 872 1542 903 ,
1585 840 1747 887 naves
1770 826 2171 887 conscenderent
2191 825 2323 884 lite-

349 922 617 1001 totemque
655 916 918 974 Graeciae
953 914 1124 973 classe
1159 910 1528 993 defenderent}
1562 914 1865 991 <Cyrsilum
1894 913 2183 990 quendam
2220 930 2322 989 sua-

348 1002 610 1075 dentem,
669 1005 738 1058 ut
766 1003 826 1059 in
855 1000 986 1058 arbe
1019 1005 1285 1058 manerent
1322 998 1654 1077 Xerxemque
1690 1001 2014 1077 reciperent,
2070 997 2321 1078 lapidibus

348 1090 773 1167 cooperuerunt.
868 1085 1055 1161 Atque
1084 1084 1179 1145 ille
1231 1083 1520 1157 utilitatem
1563 1087 1719 1162 sequi
1759 1085 2088 1155 videbatur3
2150 1083 2248 1143 sed
2271 1099 2323 1140 ea

255 1235 266 1244 .
351 1172 503 1235 nulla
526 1176 646 1230 erat
669 1177 1019 1248 repugnante
1042 1172 1350 1237 honestate.
1437 1169 1538 1236 49.
1579 1162 1989 1245 Themistocles
2014 1173 2156 1248 post
2178 1169 2325 1226 victo·

351 1260 496 1319 riam
523 1258 646 1316 eius
671 1255 833 1331 belli,
877 1255 1032 1332 quod
1058 1276 1181 1314 cum
1205 1255 1390 1315 Persis
1417 1257 1550 1329 fuit,
1594 1256 1745 1313 dixit*
1762 1257 1818 1314 in
1857 1256 2137 1317 concione
2164 1274 2218 1312 se
2242 1252 2328 1313 lm-

349 1345 468 1402 bere
498 1338 776 1400 consilium
815 1344 896 1398 rei
933 1340 1183 1418 publicae
1227 1341 1465 1400 salutare
1479 1384 1499 1415 ‚
1543 1339 1634 1398 sed
1674 1341 1736 1399 id
1757 1343 1892 1399 sciri
1919 1358 2033 1398 non
2064 1359 2200 1419 opus
2224 1356 2326 1402 ⁶⁸.oe-

347 1428 657 1489 Postulavit
683 1432 746 1485 ut
772 1426 1003 1506 aliquem
1019 1426 1456 1506 populandaret,
1499 1430 1713 1504 quicum
1740 1428 2175 1484 communicaret.
2226 1423 2327 1483 Da-

343 1521 437 1573 tus
479 1519 566 1573 est
601 1510 888 1572 Aristides.
983 1513 1132 1570 Huic
1175 1512 1295 1584 ille,
1339 1511 1557 1570 classem
1585 1510 2170 1585 Lacedaemoniorum,
2213 1526 2329 1589 quae

347 1597 614 1657 subducta
641 1603 772 1656 esset
800 1597 875 1656 ad
905 1597 1191 1678 Gytheum,
1236 1598 1375 1656 clam
1398 1597 1609 1657 incendi
1621 1616 1789 1673 posse,
1834 1615 1938 1674 quo
1954 1595 2132 1675 facto
2149 1594 2327 1675 frangi

341 1676 887 1744 Lacedaemoniorum
910 1704 1031 1762 opes
1052 1702 1254 1743 necesse
1271 1687 1419 1742 esset.
1508 1682 1680 1751 Quod
1718 1681 1997 1740 Aristides
2028 1701 2207 1759 quum
2244 1699 2329 1739 aa·

350 1772 549 1830 disset:
593 1771 652 1828 in
686 1770 1007 1829 concionem
1047 1788 1257 1845 magna
1294 1769 1705 1847 exspectatione
1737 1766 1893 1826 venit
1927 1767 2194 1844 dixitque
2220 1783 2325 1844 per-

346 1855 482 1914 utile
513 1852 684 1934 κ[περ]
730 1848 1003 1913 consilium
1020 1897 1038 1927 ,
1098 1853 1236 1933 quod
1280 1850 1651 1913 Themistocles
1682 1851 1932 1928 afferret,
1994 1851 2095 1910 sed
2142 1855 2329 1915 minine

346 1940 631 2001 honestum.
716 1938 912 2018 Itaque
935 1938 1334 2013 Athenienses,
1390 1939 1544 2016 quod
1579 1938 1872 1997 honestum
1906 1956 2029 1998 non
2062 1946 2247 2011 esset,
2278 1936 2327 1993 id

346 2045 422 2085 ne
450 2024 585 2083 utile
623 2023 847 2102 quidem
879 2031 1216 2103 putaverunt
1251 2030 1543 2102 totamque
1583 2043 1707 2082 eam
1730 2016 1886 2096 rem,
1929 2041 2108 2102 quam
2136 2042 2213 2082 ue
2243 2040 2328 2080 au·

346 2110 567 2169 dietant
610 2109 832 2186 quidem
846 2154 863 2184 ‚
924 2119 1150 2169 auctore
1181 2110 1424 2168 Aristide
1459 2109 1912 2187 repudiaverunt.
2015 2107 2225 2166 Melius
2262 2106 2325 2179 hi,

347 2212 517 2272 quam
557 2202 688 2270 nos,
733 2197 831 2274 qui
866 2197 1076 2275 piratas
1112 2197 1417 2269 immuneS,
1487 2195 1663 2268 socios
1704 2192 2010 2270 vectigales
2048 2192 2324 2253 habemns.
2398 2252 2399 2257 ,

255 2286 262 2291 “
341 2280 472 2341 XII.
517 2280 749 2339 Maneat
771 2300 939 2356 ergo‘,
968 2281 1161 2357 quod
1203 2285 1424 2358 turpe
1466 2279 1594 2361 sit,
1636 2278 1708 2335 id
1734 2297 2115 2357 nunquam
2158 2275 2327 2338 utile
2398 2276 2399 2321 ¹

345 2384 539 2439 esse,
576 2383 667 2424 ne
707 2369 854 2432 tam
896 2366 1221 2442 quidem,
1250 2363 1640 2443 ‘quum,id,
1697 2365 1889 2441 quod
1929 2382 2099 2425 esse
2146 2361 2325 2422 utile

342 2455 599 2529 putes,
641 2451 1085 2529 adipiscare.
1169 2450 1299 2510 Hoc
1334 2451 1482 2511 enim
1515 2449 1734 2531 ipsum,
1776 2448 1917 2509 utile
1940 2454 2154 2530 putare
2185 2447 2325 2529 quod

336 2540 501 2617 turpe
544 2534 650 2609 sit,
692 2535 1065 2599 calamitosam
1105 2541 1209 2597 est.

343 2648 352 2655 ·
469 2620 571 2685 50.
614 2621 733 2680 Sed
761 2622 1036 2697 incidunt,
1081 2628 1340 2700 utsupra
1374 2620 1521 2706 ιίἰιιί,κ
1568 2636 1738 2700 saepe
1776 2638 2078 2697 causae,
2125 2638 2320 2701 quun
2396 2646 2397 2687 ι

339 2723 760 2783 repugnare
814 2707 1104 2766 utilitas
1156 2707 1549 2766 honestati
1581 2708 1916 2780 videtur3
1974 2712 2043 2765 ut
2077 2709 2320 2777 animad-

231 2786 246 2793 “
338 2792 663 2849 vertendum
693 2792 798 2863 sit,
839 2796 1187 2871 repugnetne
1215 2791 1382 2871 plane
1416 2811 1490 2851 an
1517 2792 1701 2871 possit
1730 2811 1855 2850 cum
1876 2792 2179 2853 honestate
2200 2811 2319 2853 con-
2394 2848 2395 2861 ,

337 2873 509 2951 iungi.
574 2875 727 2934 Eius
758 2879 975 2952 generis
1009 2876 1116 2937 hae
1150 2883 1285 2936 sunt
1311 2878 1693 2955 quaestiones:
1737 2878 1831 2949 Si,
1865 2877 2109 2958 exempli
2131 2880 2317 2956 gratia,
2394 2894 2395 2917 ¹

327 2960 422 3017 ‘vir
459 2960 638 3018 bonus
668 2960 1000 3021 Alexandria
1020 2962 1284 3022 Rhodum
1310 2981 1574 3039 magnum
1605 2960 1868 3022 frumenti
1902 2982 2201 3023 numerum
2224 2966 2317 3035 ,ad-
2393 2954 2395 3053 ]

336 3046 543 3103 vexerit
568 3045 628 3103 in
659 3046 1005 3108 Rhodiorum
1041 3048 1234 3128 inopia
1261 3053 1320 3106 et
1356 3042 1505 3106 same
1547 3064 1870 3125 summaque
1896 3066 2164 3109 annonae
2188 3049 2315 3108 cari·

333 3116 485 3199 {ate;
528 3129 576 3186 si
618 3129 767 3188 idem
805 3132 949 3190 sciat
988 3133 1293 3210 complures
1331 3137 1664 3192 mercatores
1690 3130 2037 3207 ‘Alexandria
2070 3134 2312 3208 solvisse,

333 3228 619 3289 navesque
643 3215 703 3272 in
745 3234 903 3273 cursu
933 3219 1213 3277 frumento
1242 3222 1471 3277 onustas
1496 3221 1767 3295 petentes
1781 3218 2054 3278 Rhodum
2091 3220 2311 3287 viderit:
2374 3228 2383 3241 '

334 3298 651 3359 dicturusne
676 3298 748 3357 sit
773 3301 833 3357 id
864 3300 1099 3361 Rhodiis
1116 3345 1135 3375 ‚
1179 3322 1253 3362 an
1293 3302 1514 3363 silentio
1542 3302 1889 3380 enumquam
1912 3302 2154 3381 plurimo
2182 3323 2311 3366 ven-

327 3383 538 3440 diturus
554 3381 586 3440 2
653 3383 992 3471 =Sapientem
1015 3393 1078 3446 et
1104 3388 1311 3446 bonum
1335 3389 1510 3447 virum
1533 3386 1820 3464 fingimus:
1856 3389 1931 3448 de
1957 3387 2084 3449 eius
2110 3390 2312 3451 delibe-

324 3467 620 3527 ratione-et
648 3469 1050 3543 consultatione
1074 3472 1422 3550 quaerimus,
1481 3473 1578 3549 qui
1603 3473 1877 3532 celaturus
1903 3472 2163 3553 Rhodios
2200 3494 2307 3535 nen

317 3550 423 3625 sit,
464 3552 515 3610 si
547 3552 607 3611 id
633 3561 801 3634 turpe
839 3555 1076 3629 iudicet3
1136 3558 1244 3618 sed
1274 3558 1521 3632 dubitet,
1569 3561 1737 3642 turpe
1773 3559 1848 3619 sit
1884 3577 1965 3620 an
1993 3565 2161 3641 turpe
2190 3550 2306 3621 ‘non
