2417 3967
249 274 386 340 1⁶58
546 275 924 334 nxcvasvs
964 276 1007 332 r
1048 277 1166 339 m.
1193 276 1328 338 aa.
1372 278 1423 345 s.
1454 276 1508 335 s,
1549 277 1648 335 Εἰ·
1692 279 1750 335 c,
1769 279 1858 335 12.
1901 275 2024 349 §.a

413 422 548 477 nime
577 423 756 476 eadem
773 424 1002 477 *fortuna
1024 441 1148 479 usus
1179 430 1262 479 est
1290 424 1343 477 in
1371 424 1716 494 deprimendis
1756 424 1972 478 internis
1987 464 2003 489 ,
2052 425 2140 495 qui
2165 428 2291 495 puta·

415 494 622 556 bantur,
661 492 887 545 civitatis
913 493 1145 545 hostibus
1174 494 1230 545 et
1254 493 1491 561 publicae
1520 494 1701 546 salutis
1728 495 2061 547 adversariis.
2130 497 2292 547 Versa·

414 562 572 614 batur
595 568 764 613 autem
788 562 953 613 adhuc
990 562 1043 613 in
1067 563 1346 630 Hispania,
1398 562 1679 614 Numantia
1718 562 1818 614 iam
1854 565 1944 631 (a.
1980 565 2044 614 V.
2076 563 2136 615 C.
2162 562 2292 630 621.)

414 630 682 682 destructa
722 646 834 682 cum
884 630 1127 698 Scipione
1165 631 1366 683 Nasica
1405 631 1538 683 duce
1584 631 1886 700 senatuque
1942 633 2136 684 factum
2186 649 2293 684 com-

412 700 669 768 probante
713 697 927 767 primum
969 700 1024 751 in
1067 700 1213 752 cives
1254 717 1287 752 a
1326 699 1525 752 civibus
1580 700 1803 752 fustibus
1845 718 1910 753 ac
1953 702 2199 768 sanguine
2235 703 2295 753 est

413 768 693 830 saevitum,
731 784 946 835 cumque
971 767 1219 821 Tiberius
1236 768 1510 819 Gracchus
1539 785 1651 821 cum
1677 768 1941 831 trecentis-
1955 770 2246 833 amicorum‚
2271 783 2298 820 a

410 836 620 907 populo,
657 836 744 888 vel
770 835 1044 888 insolentia
1082 837 1213 889 facti
1252 838 1614 906 obstupefacto
1630 875 1645 902 ,
1682 838 1770 890 vel
1797 839 1935 907 quod
1962 839 2067 891 iam
2101 845 2204 891 tum
2226 836 2297 891 tali

409 923 514 959 non
556 904 772 974 amplius
818 909 961 956 esset
996 905 1181 972 dignus
1223 906 1528 969 defensore,
1578 906 1856 958 derelictus
1870 945 1885 970 ‚
1938 907 2143 959 nefaria
2186 906 2296 976 opfi·

278 994 327 1046 p.
342 980 392 1033 6.
408 982 597 1028 matum
627 974 682 1026 vi
713 992 743 1025 e
772 974 939 1026 medio
982 982 1063 1025 est
1091 974 1322 1041 sublatus
1349 976 1438 1042 y).
1509 976 1749 1027 Attamen
1774 976 1982 1028 sublato
2013 982 2219 1028 auctore
2238 975 2299 1027 le-

410 1044 491 1112 gis
523 1042 789 1110 agrariae,
839 1044 1059 1094 nondum
1090 1043 1206 1112 ipsa
1232 1043 1319 1096 lex'
1338 1044 1540 1095 sublata
1569 1050 1699 1096 erat.
1770 1043 1860 1095 Lis
1898 1046 1998 1096 sub
2024 1044 2191 1097 iudice
2212 1061 2299 1097 ma·

409 1113 585 1174 nebat,
621 1110 709 1163 vel
735 1111 906 1179 potius
930 1112 1093 1179 magis
1122 1129 1281 1179 quam,
1299 1129 1536 1182 umquam
1560 1119 1681 1164 ante
1703 1112 1923 1165 iudicem
1947 1113 2274 1167 desiderabat.

548 1181 604 1232 Is
631 1196 759 1232 vero
792 1179 988 1232 Romae
1026 1188 1133 1232 tum
1167 1181 1372 1247 quidem
1417 1197 1519 1234 non
1549 1187 1631 1232 est
1670 1181 1949 1243 inventus3
2001 1200 2170 1250 neque
2193 1180 2300 1233 enim

409 1247 547 1301 ullus
580 1248 969 1316 reperiebatur,
1008 1249 1097 1318 qui
1124 1250 1190 1301 ad
1216 1255 1391 1302 tantas
1413 1251 1596 1302 turbas
1629 1250 2005 1318 componendas
2030 1251 2118 1304 vel
2141 1252 2302 1302 idonea

411 1317 727 1370 auctoritate
752 1316 999 1386 polleret,
1052 1318 1139 1370 vel
1167 1318 1232 1370 iis
1256 1318 1539 1372 virtutibus
1566 1324 1775 1371 ornatus
1803 1324 1945 1370 esset
1958 1357 1977 1384 ,
2023 1325 2086 1372 ut
2115 1334 2302 1387 sperare

409 1392 624 1456 possent
651 1385 792 1438 cives
805 1386 1040 1450 Romani,
1078 1388 1213 1453 fore,
1235 1395 1297 1442 ut
1322 1387 1510 1459 cuique
1533 1387 1675 1458 parti
1699 1404 1845 1443 suum
1871 1404 1957 1454 ea,
1981 1405 2089 1460 qua
2113 1405 2205 1462 par
2228 1403 2301 1442 es·

409 1461 525 1521 set,
562 1454 824 1526 aequitate
853 1454 1126 1511 tribueret.
1222 1490 1229 1497 ·

1279 1583 1331 1649 S.
1402 1582 1453 1638 8.

545 1659 608 1720 In
635 1664 881 1736 Scipione
911 1665 1194 1721 Aemiliano
1218 1685 1376 1733 vero,
1427 1667 1517 1739 qui
1542 1671 1649 1721 tum
1684 1666 1740 1721 in
1764 1686 1826 1722 eo
1858 1670 2004 1732 erat,
2041 1670 2104 1720 ut
2131 1684 2191 1719 ex
2213 1663 2302 1718 Hi-

406 1736 591 1808 spania
617 1736 829 1788 Romam
865 1742 1220 1789 reverteretur
1256 1740 1343 1806 (a.
1373 1738 1438 1790 V.
1474 1739 1536 1790 C.
1565 1740 1683 1793 623.
1701 1737 1758 1806 ),
1790 1756 1997 1804 omnes,
2036 1738 2104 1789 de
2139 1735 2301 1805 quibus

406 1806 650 1861 monitum
677 1810 759 1856 est
772 1842 788 1869 ,
834 1804 1056 1858 virtutes
1093 1807 1307 1875 egregia
1353 1806 1708 1860 coniunctione
1754 1807 2034 1861 convenire
2062 1804 2300 1877 eristima-

363 1881 376 1893 '
405 1874 627 1927 bantur:
683 1877 736 1925 et
774 1888 898 1926 sane
927 1873 972 1926 is
1003 1879 1144 1938 erat,
1202 1874 1258 1928 in
1301 1892 1451 1944 quem
1480 1893 1631 1928 unum
1671 1880 1725 1928 et
1767 1875 1821 1927 in
1866 1876 2013 1927 cuius
2046 1890 2227 1927 nomeu
2254 1887 2302 1925 se

405 1949 519 1995 tota
542 1946 871 1994 converteret
898 1943 1102 2009 civitae,
1141 1962 1299 2013 quem
1319 1944 1559 2008 Senatus,
1598 1962 1747 2013 quem
1783 1944 1931 2007 socii,
1970 1958 2123 2013 quem
2152 1937 2301 1994 Latini

404 2009 754 2073 intuerentur,
790 2007 843 2062 in
915 2029 981 2064 uo
1012 2030 1114 2065 uno
1151 2013 1383 2066 civitatis
1408 2013 1546 2065 salus
1586 2013 1683 2065 niti
1723 2017 1999 2082 putaretur
2018 2012 2116 2079 6).
2182 2009 2299 2062 Hinc

405 2078 560 2135 etiam
587 2077 744 2130 facile
769 2028 990 2148 intefligi
1020 2087 1223 2150 potest,
1267 2082 1539 2151 utriusque
1564 2082 1730 2151 partis
1761 2081 1987 2134 studium
2011 2080 2069 2132 in
2092 2098 2154 2132 eo
2179 2076 2299 2148 posi-

329 2186 334 2189 *
402 2152 512 2200 tum
535 2146 725 2210 fuisse,
778 2152 837 2200 ut
860 2148 1015 2202 talem
1046 2150 1215 2204 virum
1240 2152 1309 2205 ad
1333 2168 1454 2207 suas
1478 2157 1656 2222 partes
1684 2151 1919 2203 traheret
1945 2155 2108 2219 atque
2134 2161 2300 2200 causae

403 2232 532 2271 suae
593 2218 823 2269 atronum
853 2219 1112 2273 redderet.

542 2235 616 2338 ἔτ.
639 2286 858 2354 populus
898 2288 1103 2356 quidem
1127 2288 1386 2341 Romanus
1399 2326 1417 2353 ,
1467 2287 1556 2358 qui
1579 2283 1727 2340 tanta
1755 2286 2055 2357 Scipionem
2092 2286 2298 2340 benero-

403 2353 565 2408 lentia
595 2355 886 2422 complexus
917 2357 1118 2421 fuerat,
1154 2362 1243 2421 ut,
1280 2357 1486 2409 tametsi
1517 2374 1682 2426 neque
1709 2363 1854 2408 aetas
1882 2356 2020 2407 illius
2047 2371 2209 2424 neque
2234 2351 2298 2402 le·

403 2441 498 2493 ges
544 2428 871 2493 paterentur,
917 2424 1238 2477 nihilominus
1276 2426 1553 2478 Consulem
1589 2425 1853 2493 suffragiis
1897 2424 2005 2476 suis
2052 2423 2300 2476 declarare

404 2493 541 2557 omni
566 2491 738 2546 studio
763 2493 1099 2548 contenderet
1122 2495 1233 2564 7),
1251 2511 1355 2549 non
1386 2499 1583 2550 temere
1607 2500 1819 2566 sperare
1844 2493 2036 2566 potuit,
2074 2494 2202 2555 fore,
2229 2493 2297 2549 ut,

373 2700 442 2763 γ)
488 2699 675 2750 *Immo
703 2700 759 2750 A.
790 2702 850 2751 V.
877 2697 1085 2753 'Dcxx
1101 2736 1115 2761 ,
1164 2704 1374 2754 nondum
1416 2703 1582 2769 deleta
1616 2703 1894 2755 Numantia.
1963 2700 2023 2753 V.
2057 2705 2195 2751 Brut.
2220 2694 2294 2755 28,

237 2769 357 2824 107.
391 2772 429 2819 Ι.
458 2776 537 2828 off.
570 2769 657 2830 22,
684 2769 769 2822 76.
800 2776 922 2821 extr.
952 2784 1058 2822 cum
1082 2776 1409 2823 annotatione.

311 2860 322 2871 -
373 2839 445 2900 6)
482 2844 635 2887 somn.
667 2844 789 2902 scip.
830 2857 871 2890 c.
896 2840 947 2893 2.
1018 2842 1157 2890 Diod.
1189 2844 1293 2893 sie.
1334 2840 1585 2908 Excerpta
1621 2843 1759 2893 Tum.
1783 2843 1842 2891 11.
1888 2855 2002 2905 pag.
2031 2837 2151 2892 586
2191 2833 2294 2884 edit·

236 2908 440 2959 Wessel.
512 2905 574 2970 [⁴
593 2908 865 2971 Scipionem
896 2910 956 2958 de
973 2911 1280 2959 Numantinis
1311 2910 1499 2961 Romae
1524 2915 1617 2961 iam
1644 2912 1699 2960 A.
1727 2912 1785 2960 V.
1814 2909 1933 2963 621.
1970 2924 2033 2958 m.
2062 2901 2292 2957 Decembri
2380 2906 2381 2919 ³

232 2976 552 3040 triumphasse
594 2978 908 3038 probabiliter
946 2978 1143 3028 disserit
1179 2978 1350 3042 Pigh.
1400 2982 1449 3029 ia
1490 2985 1658 3030 annal.
1701 2983 1736 3028 t.
1763 2980 1842 3028 III.
1886 2995 1932 3042 p.
1961 2978 2045 3028 12.
2071 2993 2110 3025 s.
2147 2979 2191 3024 et
2220 2967 2290 3022 15·

231 3046 507 3107 Posteaque
545 3045 740 3097 tertiam
766 3046 1056 3108 legationem
1100 3049 1290 3097 obierat
1317 3064 1422 3099 cum
1456 3051 1541 3112 Sp.
1567 3049 1790 3098 Mummio
1823 3062 1949 3103 anuo
1976 3050 2093 3095 ante
2118 3045 2290 3094 obitum·
2380 3086 2381 3091 ,

232 3114 293 3163 V.
328 3112 664 3163 Reiskium
700 3120 764 3162 ad
804 3125 1021 3169 auctor-an
1060 3134 1264 3177 graeco:
1300 3123 1337 3166 t.
1363 3119 1421 3166 11.
1456 3133 1503 3181 p.
1532 3112 1653 3169 477.
1700 3121 1751 3166 et
1798 3119 1918 3180 Aug.
1944 3116 2064 3164 Maii
2102 3114 2161 3163 ad
2199 3109 2291 3157 Cic·
2378 3104 2381 3121 ⁸

234 3188 271 3232 1.
296 3188 387 3234 ΙΙΙ.
434 3188 494 3232 de
519 3198 575 3231 re
600 3187 796 3242 publica
826 3199 867 3231 c.
897 3182 984 3235 35.
1029 3190 1194 3234 annot.
1220 3187 1431 3250 paenult.
1502 3187 1846 3235 Contentiones
1883 3189 2047 3234 autem
2085 3177 2292 3245 agrarii⁸

231 3266 323 3317 per
358 3255 512 3302 totum
548 3250 664 3299 illud
699 3255 885 3314 tempus
923 3254 1253 3303 trahebantur.
1321 3255 1382 3305 V.
1430 3255 1621 3304 Henr.
1668 3255 1886 3303 Caroli
1931 3254 2117 3303 Rem
2124 3252 2167 3300 ii
2204 3253 2292 3294 Ge·

230 3327 443 3373 echichte
489 3327 576 3370 der
610 3324 745 3368 Rom.
769 3326 1130 3384 Bargerkriege
1158 3342 1264 3372 vem
1305 3329 1536 3385 Anjange
1576 3330 1665 3374 der
1694 3327 2046 3373 Gracchanum
2083 3321 2289 3370 Umbe-

234 3394 330 3440 etc.
360 3391 456 3440 vol.
484 3391 521 3439 1.
559 3389 756 3450 (Berol.
785 3394 836 3438 et
864 3392 1065 3439 stettini
1085 3393 1353 3452 ap.Nic01.
1380 3390 1569 3453 1825.)
1612 3397 1864 3445 comment„
1892 3391 1945 3443 2.
1973 3408 2024 3460 1)-
2054 3388 2133 3444 17.
2157 3378 2285 3445 ια’]

214 3460 226 3465 ’
370 3458 446 3521 7)
478 3457 620 3509 Diod.
642 3457 741 3507 Sic.
772 3458 889 3509 ibid.
915 3473 1028 3524 pag.
1052 3457 1172 3513 591.
1241 3459 1376 3526 Epit-
1400 3458 1510 3515 Liv.
1531 3459 1619 3516 59.
1668 3456 1833 3526 [⁹56.
1852 3460 1911 3526 *J

1726 3716 1759 3727 αα
