2417 3967
634 271 806 335 ms.
845 271 893 335 1.
959 228 1182 334 'om
1208 210 1318 373 si.
1360 270 1465 361 32.
1615 304 1633 321 κ
1969 250 2058 360 ιζ

57 424 287 503 sinuo,
325 424 651 505 diligentia,
691 433 757 490 ut
781 445 883 503 ω,
907 394 975 488 ἐἰ
999 426 1117 488 non
1143 398 1483 500 deuoresat
1513 386 1678 505 qm
1703 425 1927 485 minime
1963 425 2054 484 in-
2148 424 2157 431 ⁴

83 509 257 572 decore
281 512 461 574 facere
486 513 801 594 possimus3
841 533 948 574 nec
978 519 1094 572 tam
1113 519 1213 573 est
1242 512 1562 599 enitendum
1585 518 1649 571 ut
1670 511 1853 585 bona,
1901 528 2053 589 quae
2100 550 2109 557 ,

79 596 219 659 nobis
253 598 389 658 data
408 617 526 658 non
553 599 697 673 sint,
737 617 1036 676 sequamur
1050 643 1072 672 ,
1101 616 1281 687 'quam
1303 604 1368 668 ut
1391 598 1527 657 vitiu
1555 597 1848 673 angimus.

188 680 419 742 xxxii.
467 683 620 750 115.'
649 682 733 745 Ac
753 685 970 745 duabus
988 684 1354 763 iispersonis,
1397 701 1538 760 quas
1564 700 1734 760 supra
1760 681 1892 756 dixi,
1926 687 2051 741 ‘teb-
2156 756 2161 761 ι

75 763 145 825 tia
180 766 499 846 adiungitur
517 810 537 842 ,
592 762 758 847 quam
795 788 955 830 casus
987 769 1157 846 aliqui
1180 775 1278 828 aut
1300 773 1521 847 tempus
1542 767 1808 846 imponit3
1849 772 2051 845 quana

74 849 251 925 etiam,
293 872 462 931 quam
481 853 760 916 nobismet
782 855 892 935 ipsi
915 854 1117 914 iudicio
1137 860 1330 913 nostro
1357 853 1852 915 accommodamus.
1894 849 2049 913 Nam
2132 848 2143 858 ’

71 952 258 1014 regna,
296 939 563 1019 imperia,
616 939 941 1000 nobilitates
958 982 975 1014 ,
1019 939 1259 999 honores
1272 980 1293 1011 ,
1349 938 1608 1012 divitiae,
1652 954 1821 1016 opes,
1865 952 2051 1015 eaque
2100 994 2129 1007 ᾗ

71 1037 198 1097 quae
226 1030 359 1085 sunt
384 1023 472 1083 his
498 1025 806 1100 contraria,
847 1026 907 1084 in
933 1043 1063 1085 casu
1091 1024 1223 1098 sita,
1266 1023 1612 1103 temporibus
1633 1023 2048 1099 gubernantur-3

67 1104 160 1184 ipsi
181 1114 366 1169 auten
391 1114 589 1187 gerere
615 1129 784 1188 quam
810 1127 1107 1190 personam
1143 1109 1377 1168 velimus
1394 1151 1413 1182 ,
1455 1126 1491 1168 a
1531 1113 1727 1167 nostra
1754 1107 2050 1169 voluntate
2164 1118 2171 1125 '

63 1193 424 1276 proficiscitur.
509 1194 708 1272 ltaque
731 1214 796 1256 se
819 1192 914 1255 alii
942 1196 1017 1255 ad
1039 1193 1479 1274 philosophiam,
1524 1192 1615 1252 alii
1652 1194 1728 1251 ad
1748 1193 1833 1253 ius
1867 1191 2045 1269 civile,

63 1272 141 1333 alii
160 1279 230 1336 ad
253 1279 627 1357 eloquentum
654 1276 967 1359 applicant,
1010 1280 1368 1360 ipsarumque
1386 1280 1655 1337 virtutum
1677 1279 1737 1337 iu
1761 1278 1871 1338 alia
1903 1277 2045 1340 aliu

63 1362 251 1422 mavult
270 1364 557 1425 excellere.
621 1369 762 1430 116.
805 1366 1056 1435 Quorum
1079 1383 1213 1424 vero
1232 1369 1425 1442 patres
1459 1370 1559 1422 aut
1579 1364 1815 1423 maiores
1855 1362 2046 1440 aliqua
2126 1402 2133 1407 -

58 1444 216 1521 gioria
232 1451 667 1528 praestiterunt,
716 1451 758 1508 ii
780 1449 1009 1508 student
1029 1444 1361 1527 plerumque
1383 1448 1582 1523 eodem
1605 1449 1665 1507 iu
1687 1458 1896 1524 genero
1921 1447 2046 1507 lau-

57 1530 134 1590 dis
159 1534 459 1607 excellere:
502 1542 566 1594 ut
601 1535 675 1604 Q.
702 1532 952 1607 Mucius,
993 1532 1061 1591 P.
1085 1532 1163 1604 ss,
1196 1533 1266 1591 in
1305 1533 1424 1591 iure
1451 1530 1630 1605 civili,
1681 1530 1859 1591 Paulli
1897 1532 2045 1592 filius

55 1610 331 1679 Afiicanus
359 1620 419 1678 in
444 1638 508 1679 re
534 1619 775 1679 militari.
862 1616 1106 1686 Quidam
1144 1621 1334 1687 autem
1369 1616 1445 1674 ad
1483 1634 1578 1676 eas
1619 1616 1849 1691 laudes,
1899 1632 2042 1694 quas

54 1716 86 1758 a
106 1705 353 1780 patribus
383 1710 733 1784 acceperunt,
767 1702 986 1783 addunt
1009 1700 1251 1779 aliquam
1274 1719 1465 1759 suam:
1509 1706 1574 1761 ut
1597 1700 1686 1760 hic
1713 1702 1862 1761 idem
1891 1700 2043 1761 Affi-

55 1803 206 1847 canus
239 1789 569 1866 eloquentia
610 1788 903 1850 cumulavit
937 1784 1183 1847 bellicam
1220 1786 1471 1864 gloriam.
1558 1786 1730 1857 Quod
1766 1788 1914 1847 idem
1954 1786 2043 1847 se-
2126 1792 2133 1799 '

52 1871 117 1930 cit
140 1871 470 1935 Timotheus
485 1917 504 1950 ‚
548 1873 796 1934 Cononis
830 1873 975 1933 filius
992 1916 1009 1948 ,
1051 1871 1179 1951 qui,
1222 1891 1393 1949 quum
1422 1870 1558 1931 belli
1589 1866 1755 1931 laude
1793 1890 1908 1930 non
1948 1872 2039 1931 iu-
2148 1938 2155 1951 ,
2256 1876 2265 1891 “

50 1955 205 2017 ferior
241 1960 447 2019 fuisset
487 1976 658 2037 quam
688 1966 885 2040 pater,
926 1959 1001 2017 ad
1036 1964 1159 2018 eam
1184 1957 1405 2017 laudem
1441 1956 1730 2031 doctrinae
1767 1964 1825 2017 et
1849 1956 2040 2034 ingeni

47 2039 268 2116 gloriam
293 2044 517 2109 adiecit.
570 2042 1175 2118 Fitauteminterdum,
1206 2049 1272 2101 ut
1283 2041 1531 2102 nonnulli
1544 2034 1751 2101 omissa
1774 2042 2042 2102 imitatio·
2094 2087 2101 2093 ,
2196 2078 2202 2083 .

46 2143 112 2187 ne
140 2130 412 2189 maiorum
426 2142 584 2193 suum
598 2131 884 2207 quoddam
905 2129 1214 2191 institutum
1229 2133 1666 2205 consequantur-3
1690 2129 2043 2205 maximeque

43 2210 98 2271 iu
126 2233 192 2274 eo
214 2215 544 2293 plerumque
565 2213 852 2275 elaborant
875 2215 912 2273 ii
929 2258 947 2290 ,
977 2213 1072 2290 qui
1097 2226 1302 2288 magua
1325 2212 1429 2270 sibi
1459 2219 1801 2290 proponunt,
1836 2213 2041 2272 obscu-

42 2297 112 2356 ris
135 2302 246 2359 orti
271 2299 592 2360 maioribus.
678 2304 818 2366 117.
858 2299 1017 2358 Haec
1045 2298 1220 2374 igitur
1257 2296 1478 2370 omnia,
1519 2315 1686 2373 quum
1723 2299 2038 2374 quaerimus

43 2385 171 2460 quid
198 2386 433 2460 deceat,
478 2384 765 2463 complecti
792 2384 976 2445 animo
1006 2389 1064 2443 et
1091 2382 1431 2460 cogitatione
1456 2381 1744 2440 debemuS.
1826 2378 1895 2440 Iu
1923 2380 2040 2460 pri·

42 2470 137 2528 mis
166 2480 362 2530 autem
399 2470 845 2531 constituendum
889 2475 978 2530 est
991 2513 1011 2544 ‚
1053 2487 1196 2547 quos
1222 2485 1329 2527 nos
1356 2473 1413 2526 et
1438 2464 1629 2544 quales
1652 2483 1778 2526 esse
1803 2466 2037 2526 velimus

42 2559 95 2612 et
121 2556 180 2613 iu
209 2560 326 2634 (pio
348 2573 558 2635 genere
584 2556 767 2617 vitae:
808 2573 954 2633 quae
978 2553 1307 2614 deliberatio
1322 2554 1410 2610 est
1438 2551 1681 2609 omnium
1697 2550 2038 2612 difficillima.

42 2636 273 2703 [ammte
301 2641 450 2702 enim
478 2640 852 2701 adolescentia
866 2683 887 2716 ,
924 2656 1091 2717 quum
1122 2644 1213 2699 est
1242 2636 1478 2696 mxima
1515 2630 1855 2707 imbecillitas
1896 2650 2036 2694 con-

42 2722 140 2803 sili,
181 2734 306 2787 tum
335 2727 396 2786 id
420 2727 528 2786 sibl
554 2727 790 2806 quisque
812 2742 988 2805 genus
1014 2725 1214 2785 aetatis
1230 2721 1523 2799 dfflendae
1547 2720 1850 2795 constituit,
1880 2717 2037 2797 quod

42 2813 270 2874 maxime
292 2812 596 2875 adamavit.-
674 2811 870 2889 ltaque
908 2816 1038 2871 ante
1077 2809 1387 2889 implicatur
1414 2805 1621 2885 aliquo,
1630 2812 1784 2865 certo
1826 2820 2039 2883 genere

42 2914 309 2976 cursuque
342 2897 602 2971 vivendi,
641 2915 809 2973 quam
845 2895 1031 2976 potuit
1062 2894 1215 2972 quod
1256 2891 1526 2971 optimum
1574 2895 1725 2951 esset
1773 2890 2034 2950 iudicare-
2142 2876 2191 2901 ³

42 2986 198 3047 118..
223 2981 488 3060 Namque
522 2981 675 3059 quod
707 2980 1005 3042 Herculem
1035 2978 1348 3038 Prodicium
1379 2976 1602 3049 dicunt,
1645 2979 1708 3033 ut
1747 2982 1837 3035 est
1878 2969 2035 3054 apud

42 3064 489 3151 Kenophontem,
524 3084 694 3145 quum
718 3068 949 3147 primum
965 3066 1411 3145 pubesceret,--
1444 3062 1597 3138 quod
1614 3065 1833 3139 tempus
1865 3076 1899 3119 a
1932 3076 2038 3118 na-

42 3170 157 3211 zura
179 3152 261 3212 ad
281 3152 653 3235 deligendum,
697 3168 863 3230 quam
887 3152 1124 3230 quisque
1146 3150 1290 3208 viam
1314 3146 1536 3207 vivendi
1561 3146 1635 3205 sit
1663 3146 2037 3222 ingressurus,

42 3235 234 3297 latum
262 3243 351 3297 est
367 3282 385 3312 ,
404 3267 494 3283 ·—-
536 3238 715 3298 exisse
739 3237 798 3296 in
824 3226 1174 3297 solitudinem
1201 3239 1375 3311 atque
1404 3230 1483 3291 ibi
1502 3231 1789 3307 sedentem
1817 3231 1916 3288 diu
1941 3247 2036 3288 se·-

42 3324 152 3382 :uin
178 3320 529 3399 multumque
555 3323 862 3400 dubitasse,
904 3341 1073 3400 quum
1102 3322 1244 3380 duas
1271 3321 1522 3378 cerneret
1547 3316 1695 3391 vias.
1716 3318 1890 3375 ‘unam
1916 3312 2037 3371 Vo-

42 3406 300 3487 uptatis,
340 3405 570 3468 alteram
598 3408 853 3483 Virtutis,
878 3413 1058 3468 utram
1079 3404 1297 3483 ingredi
1319 3401 1514 3462 melius
1541 3406 1718 3461 esset:
1760 3401 1868 3459 hoc
1886 3397 2039 3457 Hei*-

42 3491 163 3566 υῐί,
223 3489 374 3549 Iovis
412 3498 533 3552 satu
571 3494 757 3569 edito,
813 3493 999 3573 potuit
1030 3495 1271 3551 fortasse
1313 3488 1664 3563 contingere3
1719 3484 1881 3544 nobis
1919 3496 2037 3541 non
2108 3556 2117 3561 -
2208 3522 2217 3535 ,

42 3583 158 3637 tem
175 3616 198 3650 ,
246 3575 346 3653 qui
388 3574 664 3640 imitamur
698 3596 840 3659 quos
884 3579 1084 3657 cuique
1133 3577 1309 3636 visum
1345 3579 1469 3646 est,
1513 3575 1685 3647 atque
1727 3570 1802 3629 ad
1847 3576 2040 3633 eom
