2417 3967
617 292 930 359 Llnmm
1016 244 1533 370 (mactae.
1638 298 1653 307 ”
1992 296 2151 367 w‘

91 452 265 529 malit,
322 454 472 532 quod
516 450 592 512 ad
630 470 787 511 usum
823 452 973 513 vitae
1010 452 1322 532 pertineat,
1379 475 1548 535 quam
1584 454 1743 517 alteri
1778 456 2087 534 acquirere,
2190 456 2198 473 “

92 559 392 600 concessum
425 524 542 612 cst,
597 556 712 597 non
753 543 1103 616 repugnante
1126 546 1356 615 natura3
1397 543 1532 601 illud
1562 549 1767 605 natura
1791 561 1907 602 non
1939 543 2091 620 puti-
2136 582 2144 590 ·

31 644 36 648 ·
92 629 203 699 tur,
243 631 306 684 ιιι
336 624 572 693 aliorum
605 622 794 702 spoliis
818 630 1037 682 nostras
1071 624 1392 702 facultates,
1434 628 1661 707 copias,
1704 646 1843 706 opes
1871 645 2085 704 augea-

91 728 216 769 mus.
298 713 402 776 23.
448 708 653 785 Neque
681 727 816 768 vero
853 709 959 769 hoc
994 709 1173 771 sulum
1204 718 1418 771 natura-
1442 720 1505 773 et
1540 713 1662 773 iure
1693 713 1946 789 gentium
1979 710 2087 773 sed

91 795 242 865 etiam
273 795 490 873 legibus
520 793 884 873 populorum,
926 794 1128 872 quibus
1161 796 1222 854 in
1253 798 1483 875 singulis
1504 799 1825 863 „civitatibus
1864 816 1953 858 res
1981 812 2089 877 pu>-

90 880 224 942 blica
257 881 565 941 continetur
579 922 601 952 ‚
653 880 852 941 eodem
888 881 1059 939 modo
1089 883 1446 942 constitutum
1494 889 1610 958 est,
1666 889 1730 943 ut
1768 900 1883 942 non
1923 881 2089 943 liceat

87 963 168 1024 sui
192 967 464 1026 commodi
485 982 655 1024 causa
677 982 879 1025 nocere
904 965 1079 1024 alteri.
1152 967 1283 1026 Hoc
1307 971 1454 1029 enim
1482 974 1738 1048 spectant
1762 967 1935 1045 leges,
1978 965 2089 1027 hoc

92 1049 324 1134 volunt„
343 1050 672 1111 incolumem
698 1069 823 1109 esse
854 1051 1049 1110 civium
1084 1052 1561 1114 coniunctionem:
1608 1073 1778 1132 quam
1821 1054 1918 1132 qui
1957 1053 2094 1111 diri·

89 1143 274 1214 munt,
329 1155 429 1198 eos
466 1140 679 1211 morte,
736 1135 963 1211 exsilio,
1019 1136 1204 1197 vinclis
1221 1182 1241 1214 ,
1294 1141 1498 1199 damno
1531 1143 1808 1200 coercent.
1901 1136 2093 1216 Atque

80 1220 192 1281 hoc
229 1222 404 1295 multo
433 1222 612 1298 magis
647 1220 832 1293 efficit&
843 1221 967 1301 ipsa
997 1227 1227 1283 naturae
1260 1225 1405 1284 ratio
1420 1269 1439 1300 ,
1483 1244 1631 1302 quae
1658 1232 1745 1286 est
1784 1224 1874 1285 lex
1904 1223 2094 1283 divina

31 1312 34 1325 '
94 1313 148 1367 ct
167 1306 436 1368 humana:
477 1307 563 1366 cui
601 1324 800 1385 parere
822 1309 917 1383 qui
955 1304 1123 1381 velit,
1166 1309 1405 1383 (omnes
1447 1316 1631 1371 autem
1664 1311 1944 1390 parebunt
1980 1306 2123 1392 ,qni—

96 1394 381 1452 secundum
412 1396 665 1451 naturam
691 1390 882 1449 volent
909 1391 1142 1469 vivere,)
1197 1412 1483 1472 nunquam
1523 1397 1825 1455 committet
1855 1401 1922 1455 nt
1940 1392 2098 1455 *alie-

93 1494 218 1536 num
249 1483 484 1559 appetat
523 1482 582 1536 et
606 1476 664 1535 id
679 1519 699 1551 ,
742 1477 897 1553 quod
929 1475 1090 1536 alteri
1122 1479 1427 1540 detraxerit
1440 1524 1462 1552 ,
1504 1481 1609 1539 sibi
1641 1485 1899 1540 assumat.
1982 1477 2093 1543 24.

92 1560 304 1623 Etenim
341 1562 516 1623 multo
549 1561 730 1638 magis
765 1566 852 1620 est
893 1564 1194 1623 secundum
1229 1570 1486 1625 naturam
1516 1565 1803 1625 excelsitas
1834 1564 2006 1624 animi
2034 1569 2101 1624 et

95 1650 416 1726 magnitudo
442 1649 689 1725 itemque
719 1645 968 1723 comitas,
1004 1648 1231 1723 iustitia,
1274 1650 1588 1724 liberalitas,
1626 1656 1798 1728 qnam
1819 1649 2100 1729 voluptas,

95 1751 253 1810 quam
282 1735 432 1808 vita,
474 1750 640 1810 quam
669 1731 929 1791 divitiae:
971 1750 1115 1810 quae
1145 1736 1372 1812 quidem
1395 1742 1748 1796 contemnere
1773 1740 1831 1795 et
1869 1753 1974 1814 pro
2009 1734 2101 1792 ni·-

93 1815 199 1879 hilo
224 1821 457 1892 ducere,
498 1821 915 1897 comparantem
941 1836 1066 1877 cum
1087 1819 1331 1881 utilitate
1354 1821 1662 1894 communi,
1702 1820 1894 1897 magni
1929 1818 2099 1878 animi
2157 1876 2165 1883 x

96 1909 153 1962 et
189 1903 385 1966 excelsi
423 1909 553 1965 εει
609 1902 923 1964 Detrahere
959 1909 1147 1964 autem
1187 1906 1273 1965 de
1301 1904 1475 1966 altero
1514 1906 1600 1966 sui
1628 1905 1902 1966 commodi
1930 1922 2131 1965 causa,

95 1991 284 2067 magis
297 1996 388 2051 est
412 1995 606 2048 contra
633 1995 923 2063 naturam,
966 2008 1135 2079 quam
1161 2011 1341 2068 mors,
1384 2011 1553 2070 quam
1575 1991 1768 2065 dolor,
1808 2006 1976 2070 quam
2006 2009 2102 2052 ce·
2232 2034 2235 2039 -
2346 1970 2355 1981 ⁸

94 2078 209 2134 tera
244 2075 494 2153 generis
486 2074 778 2135 eiusdem.
865 2073 969 2140 25.
1024 2064 1279 2154 Itemque
1317 2078 1498 2154 magis
1538 2081 1627 2138 est
1655 2077 1957 2137 secundum
1997 2092 2104 2135 na·-

95 2162 275 2220 turam
303 2179 412 2241 pro
449 2160 704 2219 omnibus
729 2159 1025 2236 gentibus,
1065 2161 1115 2219 si
1146 2162 1269 2221 fieri
1315 2163 1524 2241 possit,
1566 2162 1959 2222 conservandis
2001 2164 2103 2220 aut

97 2242 370 2305 iuvandis
372 2246 641 2304 max-imos
661 2243 882 2303 labores
906 2243 1300 2322 molestiasque
1326 2247 1607 2326 suscipere
1622 2246 1933 2307 imitantem
1951 2245 2105 2305 Her·

98 2328 269 2390 culem
291 2330 477 2405 illum,
515 2348 690 2413 quem
729 2328 1013 2389 hominum
1040 2330 1190 2391 fama
1215 2331 1605 2392 beneficiorum
1634 2350 1846 2391 memor
1870 2333 1932 2391 in
1967 2348 2104 2391 con·

98 2414 219 2474 cilio
248 2415 566 2476 coelestium
598 2413 917 2490 collocavit,
958 2433 1125 2516 quam
1151 2416 1339 2477 vivere
1367 2417 1427 2475 in
1454 2404 1765 2477 solitudine
1791 2435 1904 2476 non
1931 2416 2105 2476 modo

99 2499 216 2577 sine
236 2500 364 2559 ullis
400 2499 669 2559 molestiis
696 2499 800 2559 sed
825 2498 1037 2561 etiam
1021 2521 1082 2560 ιιι
1121 2502 1374 2561 maximis
1399 2501 1776 2581 voluptatibus
1808 2501 2106 2562 abundan-

101 2572 210 2644 tem
252 2585 512 2645 omnibus
549 2585 755 2664 copiis,
797 2590 864 2643 ut
893 2585 1126 2645 excellas
1166 2587 1330 2645 etiam
1359 2586 1770 2666 pulchritudine
1797 2592 1855 2647 et
1876 2586 2105 2649 viribus.

102 2669 375 2738 Quocirca
408 2670 620 2749 optimo
654 2671 892 2747 quisque
920 2676 979 2729 et
1011 2672 1456 2750 splendidissimo
1492 2673 1721 2749 ingenio
1744 2671 1917 2749 longe
1953 2670 2105 2745 illam

101 2755 268 2818 vitam
293 2756 421 2815 huic
458 2756 769 2835 anteponit.
849 2754 938 2815 Ex
965 2774 1082 2833 qno
1121 2755 1358 2817 efficitur
1394 2758 1672 2818 hominem
1700 2762 1936 2817 naturae
1967 2757 2108 2821 ube·

103 2838 346 2901 dientem
363 2840 591 2900 homini
623 2858 829 2900 nocere
868 2859 983 2900 non
1032 2861 1216 2920 posse.
1304 2846 1407 2908 26.
1455 2841 1680 2903 Deinde
1720 2843 1818 2921 qui
1867 2841 2106 2903 alterum

101 2923 301 3001 violat,
349 2931 416 2984 ut
437 2924 573 3007 ipse
611 2923 822 3005 aliquid
855 2925 1127 2987 commodi
1162 2933 1570 3005 consequatur,
1623 2934 1720 2989 aut
1742 2926 1880 2987 nihil
1917 2926 2108 2991 existi-

103 3015 219 3069 mat
233 3029 296 3070 se
323 3012 509 3072 facere
536 3015 728 3070 contra
747 3015 1025 3085 naturam,
1065 3018 1166 3071 aut
1185 3012 1368 3089 magis
1392 3013 1715 3091 fugiendam
1743 3019 1934 3073 censet
1956 3030 2107 3073 mor-

102 3099 249 3171 tem,
287 3101 703 3175 paupertatem,
744 3094 1014 3171 dolorem,
1057 3098 1409 3166 amissionem
1430 3099 1596 3160 etiam
1621 3098 1937 3200 liberorum,
1977 3116 2112 3180 pro-

101 3176 469 3258 pinquorum,
511 3182 837 3255 amicorum,
883 3200 1050 3260 quam
1077 3184 1262 3243 facere
1294 3183 1595 3261 cuiquam
1578 3184 1851 3246 iniuriam.
1933 3185 2000 3245 Si
2023 3183 2115 3243 ni-

101 3263 180 3324 hil
202 3265 477 3325 existimat
500 3272 699 3327 contra
717 3271 974 3326 naturam
998 3269 1119 3328 fieri
1146 3267 1463 3329 hominibus
1485 3269 1782 3330 violandis.
1823 3268 1959 3346 quid
1982 3287 2110 3329 cum

103 3367 174 3408 eo
210 3348 510 3425 disseras,
541 3352 638 3429 qui
673 3351 898 3410 omnino
944 3352 1222 3413 hominem
1260 3373 1330 3413 ex
1362 3351 1590 3416 homine
1630 3353 1834 3415 tollat?
1890 3355 1994 3415 Sin
2017 3356 2112 3413 fu-

104 3430 369 3510 giendum
393 3435 453 3495 id
480 3436 703 3514 quidem
735 3442 962 3512 censet,
999 3440 1104 3511 sed
1152 3436 1256 3519 [et]
1285 3422 1457 3498 multo
1484 3439 1575 3498 illa
1602 3440 1816 3519 peiora,
1856 3438 2116 3512 mortun,

43 3600 44 3603 Ἴ
102 3525 514 3598 paupertatem,
558 3520 843 3581 dolorm.
886 3529 1036 3582 errat
1059 3524 1135 3587 ,in
1178 3543 1281 3600 eo,
1321 3526 1478 3601 quod
1519 3523 1688 3584 ullum
1724 3532 1824 3586 aut
1864 3524 2114 3606 corporis

57 3608 62 3611 ’
104 3605 487 3670 nussum-tunae
509 3607 702 3669 vitium
724 3606 1054 3671 animivitiis
1074 3610 1297 3688 gravius
1318 3608 1612 3675 existimat.
1655 3609 1753 3672 VI.
1756 3609 2117 3689 Ergounum
