<?xml version="1.0" encoding="UTF-8"?>
<!DOCTYPE html PUBLIC "-//W3C//DTD XHTML 1.0 Transitional//EN"
    "http://www.w3.org/TR/xhtml1/DTD/xhtml1-transitional.dtd">
<html xmlns="http://www.w3.org/1999/xhtml" xml:lang="en" lang="en">
 <head>
  <title>
</title>
<meta http-equiv="Content-Type" content="text/html;charset=utf-8" />
  <meta name='ocr-system' content='tesseract 3.04.00' />
  <meta name='ocr-capabilities' content='ocr_page ocr_carea ocr_par ocr_line ocrx_word'/>
</head>
<body>
  <div class='ocr_page' id='page_1' title='image "./mtuloliciceroni00beiegoog_0345.png"; bbox 0 0 2417 3967; ppageno 0'>
   <div class='ocr_carea' id='block_1_1' title="bbox 571 198 2077 341">
    <p class='ocr_par' dir='ltr' id='par_1_1' title="bbox 571 194 2077 341">
     <span class='ocr_line' id='line_1_1' title="bbox 571 198 2077 341; baseline 0.004 -37"><span class='ocrx_word' id='word_1_1' title='bbox 571 200 982 341; x_wconf 55' lang='grc'><strong>1188.-</strong></span> <span class='ocrx_word' id='word_1_2' title='bbox 1034 198 1443 312; x_wconf 61' lang='lat' dir='ltr'><strong>mnas</strong></span> <span class='ocrx_word' id='word_1_3' title='bbox 1964 246 2077 323; x_wconf 97' lang='grc'><strong>55</strong></span> 
     </span>
    </p>
   </div>
   <div class='ocr_carea' id='block_1_2' title="bbox 51 366 2177 483">
    <p class='ocr_par' dir='ltr' id='par_1_2' title="bbox 51 366 2177 483">
     <span class='ocr_line' id='line_1_2' title="bbox 51 366 2177 483; baseline 0.001 -24"><span class='ocrx_word' id='word_1_4' title='bbox 51 401 180 465; x_wconf 82' lang='grc'><strong>81.·</strong></span> <span class='ocrx_word' id='word_1_5' title='bbox 203 396 442 459; x_wconf 76' lang='lat' dir='ltr'><strong>Honore</strong></span> <span class='ocrx_word' id='word_1_6' title='bbox 464 405 524 459; x_wconf 85' lang='lat' dir='ltr'><strong>et</strong></span> <span class='ocrx_word' id='word_1_7' title='bbox 552 393 743 483; x_wconf 80' lang='lat' dir='ltr'><strong>gloria</strong></span> <span class='ocrx_word' id='word_1_8' title='bbox 768 402 827 458; x_wconf 89' lang='lat' dir='ltr'><strong>et</strong></span> <span class='ocrx_word' id='word_1_9' title='bbox 845 397 1232 459; x_wconf 67' lang='lat' dir='ltr'>benevolentia</span> <span class='ocrx_word' id='word_1_10' title='bbox 1267 400 1463 459; x_wconf 82' lang='lat' dir='ltr'><strong>civium</strong></span> <span class='ocrx_word' id='word_1_11' title='bbox 1487 400 1726 460; x_wconf 83' lang='lat' dir='ltr'><strong>fortasse</strong></span> <span class='ocrx_word' id='word_1_12' title='bbox 1747 418 1859 459; x_wconf 89' lang='lat' dir='ltr'><strong>non</strong></span> <span class='ocrx_word' id='word_1_13' title='bbox 1888 418 2068 477; x_wconf 89' lang='lat' dir='ltr'><strong>aeque</strong></span> <span class='ocrx_word' id='word_1_14' title='bbox 2170 366 2177 373; x_wconf 27' lang='lat'><strong>⁴</strong></span> 
     </span>
    </p>
   </div>
   <div class='ocr_carea' id='block_1_3' title="bbox 51 482 2068 650">
    <p class='ocr_par' dir='ltr' id='par_1_3' title="bbox 51 482 2068 646">
     <span class='ocr_line' id='line_1_3' title="bbox 51 482 2068 603; baseline 0 -60"><span class='ocrx_word' id='word_1_15' title='bbox 51 503 250 544; x_wconf 83' lang='lat' dir='ltr'><strong>omnes</strong></span> <span class='ocrx_word' id='word_1_16' title='bbox 276 482 479 560; x_wconf 47' lang='lat' dir='ltr'><strong>ege*</strong></span> <span class='ocrx_word' id='word_1_17' title='bbox 506 485 607 545; x_wconf 86' lang='lat' dir='ltr'><strong>sed</strong></span> <span class='ocrx_word' id='word_1_18' title='bbox 629 491 818 543; x_wconf 88' lang='lat' dir='ltr'><strong>tamen</strong></span> <span class='ocrx_word' id='word_1_19' title='bbox 842 483 890 542; x_wconf 91' lang='lat' dir='ltr'><strong>si</strong></span> <span class='ocrx_word' id='word_1_20' title='bbox 907 484 994 541; x_wconf 92' lang='lat' dir='ltr'><strong>cui</strong></span> <span class='ocrx_word' id='word_1_21' title='bbox 1014 483 1154 542; x_wconf 87' lang='lat' dir='ltr'><strong>haec</strong></span> <span class='ocrx_word' id='word_1_22' title='bbox 1175 491 1496 563; x_wconf 88' lang='lat' dir='ltr'><strong>suppetunt,</strong></span> <span class='ocrx_word' id='word_1_23' title='bbox 1524 484 2068 603; x_wconf 44' lang='lat' dir='ltr'><strong>adiuvanzaliquan-</strong></span> 
     </span>
     <span class='ocr_line' id='line_1_4' title="bbox 52 568 1670 650; baseline 0 -21"><span class='ocrx_word' id='word_1_24' title='bbox 52 574 173 629; x_wconf 88' lang='lat' dir='ltr'><strong>tum</strong></span> <span class='ocrx_word' id='word_1_25' title='bbox 202 588 373 646; x_wconf 89' lang='lat' dir='ltr'><strong>quum</strong></span> <span class='ocrx_word' id='word_1_26' title='bbox 397 570 473 641; x_wconf 85' lang='lat' dir='ltr'><strong>ad</strong></span> <span class='ocrx_word' id='word_1_27' title='bbox 498 574 687 631; x_wconf 85' lang='lat' dir='ltr'><strong>cetera</strong></span> <span class='ocrx_word' id='word_1_28' title='bbox 711 574 831 628; x_wconf 87' lang='lat' dir='ltr'><strong>tum</strong></span> <span class='ocrx_word' id='word_1_29' title='bbox 860 570 937 628; x_wconf 85' lang='lat' dir='ltr'><strong>ad</strong></span> <span class='ocrx_word' id='word_1_30' title='bbox 962 568 1230 627; x_wconf 77' lang='lat' dir='ltr'><strong>amicitias</strong></span> <span class='ocrx_word' id='word_1_31' title='bbox 1255 589 1373 629; x_wconf 90' lang='lat' dir='ltr'><strong>com</strong></span> <span class='ocrx_word' id='word_1_32' title='bbox 1375 572 1670 650; x_wconf 85' lang='lat' dir='ltr'><strong>p.arandas</strong></span> 
     </span>
    </p>
   </div>
   <div class='ocr_carea' id='block_1_4' title="bbox 10 652 2076 1413">
    <p class='ocr_par' dir='ltr' id='par_1_4' title="bbox 53 652 2075 1155">
     <span class='ocr_line' id='line_1_5' title="bbox 184 652 2069 749; baseline 0.003 -37"><span class='ocrx_word' id='word_1_33' title='bbox 184 653 290 712; x_wconf 83' lang='lat' dir='ltr'><strong>lx.</strong></span> <span class='ocrx_word' id='word_1_34' title='bbox 331 654 450 712; x_wconf 89' lang='lat' dir='ltr'><strong>Sed</strong></span> <span class='ocrx_word' id='word_1_35' title='bbox 492 655 582 714; x_wconf 88' lang='lat' dir='ltr'><strong>de</strong></span> <span class='ocrx_word' id='word_1_36' title='bbox 621 652 953 713; x_wconf 90' lang='lat' dir='ltr'><strong>amicitia</strong></span> <span class='ocrx_word' id='word_1_37' title='bbox 993 652 1102 719; x_wconf 84' lang='grc'><strong>8118</strong></span> <span class='ocrx_word' id='word_1_38' title='bbox 1138 653 1281 713; x_wconf 89' lang='lat' dir='ltr'><strong>libro</strong></span> <span class='ocrx_word' id='word_1_39' title='bbox 1323 655 1528 715; x_wconf 89' lang='lat' dir='ltr'><strong>dictum</strong></span> <span class='ocrx_word' id='word_1_40' title='bbox 1569 661 1690 749; x_wconf 77' lang='lat' dir='ltr'><strong>est,</strong></span> <span class='ocrx_word' id='word_1_41' title='bbox 1735 654 1830 732; x_wconf 76' lang='grc'><strong>(181</strong></span> <span class='ocrx_word' id='word_1_42' title='bbox 1866 655 2069 717; x_wconf 67' lang='lat' dir='ltr'><strong>insen-</strong></span> 
     </span>
     <span class='ocr_line' id='line_1_6' title="bbox 53 737 2068 825; baseline -0.001 -27"><span class='ocrx_word' id='word_1_43' title='bbox 53 739 211 799; x_wconf 84' lang='lat' dir='ltr'><strong>bitur</strong></span> <span class='ocrx_word' id='word_1_44' title='bbox 236 737 484 799; x_wconf 67' lang='lat' dir='ltr'><strong>Laelius.</strong></span> <span class='ocrx_word' id='word_1_45' title='bbox 570 738 739 799; x_wconf 87' lang='lat' dir='ltr'><strong>Nunc</strong></span> <span class='ocrx_word' id='word_1_46' title='bbox 778 739 1024 798; x_wconf 87' lang='lat' dir='ltr'><strong>dicamus</strong></span> <span class='ocrx_word' id='word_1_47' title='bbox 1054 738 1141 797; x_wconf 91' lang='grc'><strong>(18</strong></span> <span class='ocrx_word' id='word_1_48' title='bbox 1182 739 1443 814; x_wconf 87' lang='lat' dir='ltr'><strong>gloria,</strong></span> <span class='ocrx_word' id='word_1_49' title='bbox 1487 742 1804 825; x_wconf 82' lang='lat' dir='ltr'><strong>quanquam</strong></span> <span class='ocrx_word' id='word_1_50' title='bbox 1833 757 1902 798; x_wconf 86' lang='lat' dir='ltr'><strong>ea</strong></span> <span class='ocrx_word' id='word_1_51' title='bbox 1928 758 2068 816; x_wconf 84' lang='lat' dir='ltr'><strong>quo-</strong></span> 
     </span>
     <span class='ocr_line' id='line_1_7' title="bbox 56 820 2071 902; baseline 0 -19"><span class='ocrx_word' id='word_1_52' title='bbox 56 842 180 902; x_wconf 87' lang='lat' dir='ltr'><strong>que</strong></span> <span class='ocrx_word' id='word_1_53' title='bbox 205 824 278 883; x_wconf 89' lang='lat' dir='ltr'><strong>de</strong></span> <span class='ocrx_word' id='word_1_54' title='bbox 293 843 357 884; x_wconf 90' lang='lat' dir='ltr'><strong>re</strong></span> <span class='ocrx_word' id='word_1_55' title='bbox 372 825 485 882; x_wconf 90' lang='lat' dir='ltr'><strong>duo</strong></span> <span class='ocrx_word' id='word_1_56' title='bbox 508 828 639 883; x_wconf 86' lang='lat' dir='ltr'><strong>sunt</strong></span> <span class='ocrx_word' id='word_1_57' title='bbox 651 825 826 883; x_wconf 85' lang='lat' dir='ltr'><strong>nostri</strong></span> <span class='ocrx_word' id='word_1_58' title='bbox 840 822 995 895; x_wconf 79' lang='lat' dir='ltr'><strong>libri3</strong></span> <span class='ocrx_word' id='word_1_59' title='bbox 1011 822 1215 883; x_wconf 87' lang='lat' dir='ltr'><strong>—sed</strong></span> <span class='ocrx_word' id='word_1_60' title='bbox 1227 820 1584 901; x_wconf 74' lang='lat' dir='ltr'><strong>attingamus,</strong></span> <span class='ocrx_word' id='word_1_61' title='bbox 1613 825 2071 902; x_wconf 85' lang='lat' dir='ltr'><strong>quandoquidem</strong></span> 
     </span>
     <span class='ocr_line' id='line_1_8' title="bbox 57 908 2074 987; baseline -0.001 -18"><span class='ocrx_word' id='word_1_62' title='bbox 57 927 128 969; x_wconf 85' lang='lat' dir='ltr'><strong>ea</strong></span> <span class='ocrx_word' id='word_1_63' title='bbox 158 908 218 966; x_wconf 73' lang='lat' dir='ltr'><strong>In</strong></span> <span class='ocrx_word' id='word_1_64' title='bbox 243 910 413 968; x_wconf 84' lang='lat' dir='ltr'><strong>rebus</strong></span> <span class='ocrx_word' id='word_1_65' title='bbox 449 910 749 979; x_wconf 84' lang='lat' dir='ltr'><strong>maioribus</strong></span> <span class='ocrx_word' id='word_1_66' title='bbox 781 908 1229 967; x_wconf 77' lang='lat' dir='ltr'><strong>administrandis</strong></span> <span class='ocrx_word' id='word_1_67' title='bbox 1260 911 1488 971; x_wconf 87' lang='lat' dir='ltr'><strong>adiuvat</strong></span> <span class='ocrx_word' id='word_1_68' title='bbox 1513 910 1820 987; x_wconf 70' lang='lat' dir='ltr'><strong>plurimum.</strong></span> <span class='ocrx_word' id='word_1_69' title='bbox 1907 910 2074 968; x_wconf 82' lang='lat' dir='ltr'><strong>Sum·</strong></span> 
     </span>
     <span class='ocr_line' id='line_1_9' title="bbox 56 986 2074 1073; baseline -0.001 -20"><span class='ocrx_word' id='word_1_70' title='bbox 56 1006 154 1053; x_wconf 86' lang='lat' dir='ltr'><strong>ma</strong></span> <span class='ocrx_word' id='word_1_71' title='bbox 197 992 369 1068; x_wconf 66' lang='lat' dir='ltr'><strong>i‘gitur</strong></span> <span class='ocrx_word' id='word_1_72' title='bbox 410 1000 468 1054; x_wconf 88' lang='lat' dir='ltr'><strong>et</strong></span> <span class='ocrx_word' id='word_1_73' title='bbox 508 996 758 1073; x_wconf 77' lang='lat' dir='ltr'><strong>perfecta</strong></span> <span class='ocrx_word' id='word_1_74' title='bbox 790 993 1040 1070; x_wconf 87' lang='lat' dir='ltr'><strong>gloria</strong></span> <span class='ocrx_word' id='word_1_75' title='bbox 1087 1000 1307 1052; x_wconf 83' lang='lat' dir='ltr'><strong>constat</strong></span> <span class='ocrx_word' id='word_1_76' title='bbox 1336 995 1607 1054; x_wconf 86' lang='lat' dir='ltr'><strong>extribus</strong></span> <span class='ocrx_word' id='word_1_77' title='bbox 1641 995 1753 1056; x_wconf 82' lang='lat' dir='ltr'><strong>his:</strong></span> <span class='ocrx_word' id='word_1_78' title='bbox 1794 996 1858 1053; x_wconf 83' lang='lat' dir='ltr'><strong>si</strong></span> <span class='ocrx_word' id='word_1_79' title='bbox 1901 986 2074 1053; x_wconf 80' lang='lat' dir='ltr'><strong>dil-i-</strong></span> 
     </span>
     <span class='ocr_line' id='line_1_10' title="bbox 58 1077 2075 1155; baseline 0.001 -19"><span class='ocrx_word' id='word_1_80' title='bbox 58 1079 174 1155; x_wconf 77' lang='lat' dir='ltr'><strong>git</strong></span> <span class='ocrx_word' id='word_1_81' title='bbox 226 1078 656 1151; x_wconf 88' lang='lat' dir='ltr'><strong>multitudo;</strong></span> <span class='ocrx_word' id='word_1_82' title='bbox 719 1080 778 1136; x_wconf 88' lang='lat' dir='ltr'><strong>si</strong></span> <span class='ocrx_word' id='word_1_83' title='bbox 842 1079 1065 1137; x_wconf 87' lang='lat' dir='ltr'><strong>fidem</strong></span> <span class='ocrx_word' id='word_1_84' title='bbox 1123 1077 1381 1153; x_wconf 84' lang='lat' dir='ltr'><strong>habet;</strong></span> <span class='ocrx_word' id='word_1_85' title='bbox 1437 1078 1497 1138; x_wconf 86' lang='lat' dir='ltr'><strong>si</strong></span> <span class='ocrx_word' id='word_1_86' title='bbox 1552 1100 1736 1139; x_wconf 90' lang='lat' dir='ltr'><strong>cum</strong></span> <span class='ocrx_word' id='word_1_87' title='bbox 1761 1079 1951 1139; x_wconf 89' lang='lat' dir='ltr'><strong>adm</strong></span> <span class='ocrx_word' id='word_1_88' title='bbox 1937 1098 2075 1138; x_wconf 76' lang='lat' dir='ltr'><strong>ira-</strong></span> 
     </span>
    </p>

    <p class='ocr_par' dir='ltr' id='par_1_5' title="bbox 10 1163 2076 1412">
     <span class='ocr_line' id='line_1_11' title="bbox 10 1163 2072 1243; baseline 0 -21"><span class='ocrx_word' id='word_1_89' title='bbox 10 1197 11 1202; x_wconf 35' lang='lat'><em>*</em></span> <span class='ocrx_word' id='word_1_90' title='bbox 55 1166 118 1222; x_wconf 90' lang='lat' dir='ltr'><strong>ti</strong></span> <span class='ocrx_word' id='word_1_91' title='bbox 142 1182 282 1222; x_wconf 88' lang='lat' dir='ltr'><strong>one</strong></span> <span class='ocrx_word' id='word_1_92' title='bbox 327 1164 648 1241; x_wconf 89' lang='lat' dir='ltr'><strong>quadam</strong></span> <span class='ocrx_word' id='word_1_93' title='bbox 689 1163 960 1223; x_wconf 83' lang='lat' dir='ltr'>honore</span> <span class='ocrx_word' id='word_1_94' title='bbox 1012 1164 1281 1241; x_wconf 83' lang='lat' dir='ltr'><strong>dignos</strong></span> <span class='ocrx_word' id='word_1_95' title='bbox 1334 1171 1571 1243; x_wconf 87' lang='lat' dir='ltr'><strong>putat.</strong></span> <span class='ocrx_word' id='word_1_96' title='bbox 1656 1165 1818 1225; x_wconf 87' lang='lat' dir='ltr'><strong>Haec</strong></span> <span class='ocrx_word' id='word_1_97' title='bbox 1865 1171 2072 1239; x_wconf 86' lang='lat' dir='ltr'><strong>autem,</strong></span> 
     </span>
     <span class='ocr_line' id='line_1_12' title="bbox 61 1244 2075 1341; baseline 0 -33"><span class='ocrx_word' id='word_1_98' title='bbox 61 1249 110 1308; x_wconf 85' lang='lat' dir='ltr'><strong>si</strong></span> <span class='ocrx_word' id='word_1_99' title='bbox 141 1254 233 1317; x_wconf 76' lang='lat' dir='ltr'><strong>est</strong></span> <span class='ocrx_word' id='word_1_100' title='bbox 255 1244 587 1328; x_wconf 71' lang='lat' dir='ltr'><strong>simpliciter</strong></span> <span class='ocrx_word' id='word_1_101' title='bbox 612 1249 959 1326; x_wconf 83' lang='lat' dir='ltr'><strong>breviterque</strong></span> <span class='ocrx_word' id='word_1_102' title='bbox 983 1249 1311 1322; x_wconf 84' lang='lat' dir='ltr'><strong>dicendum,</strong></span> <span class='ocrx_word' id='word_1_103' title='bbox 1356 1250 1557 1328; x_wconf 85' lang='lat' dir='ltr'><strong>quibus</strong></span> <span class='ocrx_word' id='word_1_104' title='bbox 1591 1251 1759 1310; x_wconf 85' lang='lat' dir='ltr'><strong>rebus</strong></span> <span class='ocrx_word' id='word_1_105' title='bbox 1785 1250 2075 1341; x_wconf 76' lang='lat' dir='ltr'><strong>pariuntur</strong></span> 
     </span>
     <span class='ocr_line' id='line_1_13' title="bbox 10 1330 2076 1413; baseline -0 -18"><span class='ocrx_word' id='word_1_106' title='bbox 10 1397 13 1402; x_wconf 24' lang='lat' dir='ltr'><strong><em>f</em></strong></span> <span class='ocrx_word' id='word_1_107' title='bbox 61 1354 100 1395; x_wconf 89' lang='lat' dir='ltr'><strong>a</strong></span> <span class='ocrx_word' id='word_1_108' title='bbox 140 1333 406 1413; x_wconf 84' lang='lat' dir='ltr'><strong>singulis,</strong></span> <span class='ocrx_word' id='word_1_109' title='bbox 461 1334 668 1395; x_wconf 87' lang='lat' dir='ltr'><strong>eisdem</strong></span> <span class='ocrx_word' id='word_1_110' title='bbox 710 1336 829 1394; x_wconf 81' lang='lat' dir='ltr'><strong>fere</strong></span> <span class='ocrx_word' id='word_1_111' title='bbox 868 1353 905 1393; x_wconf 85' lang='lat' dir='ltr'><strong>a</strong></span> <span class='ocrx_word' id='word_1_112' title='bbox 942 1330 1308 1401; x_wconf 81' lang='lat' dir='ltr'><strong>m&#39;ultitudine.</strong></span> <span class='ocrx_word' id='word_1_113' title='bbox 1393 1336 1513 1395; x_wconf 89' lang='lat' dir='ltr'><strong>Sed</strong></span> <span class='ocrx_word' id='word_1_114' title='bbox 1558 1342 1647 1395; x_wconf 85' lang='lat' dir='ltr'><strong>est</strong></span> <span class='ocrx_word' id='word_1_115' title='bbox 1668 1336 1805 1403; x_wconf 87' lang='grc'><strong>81188</strong></span> <span class='ocrx_word' id='word_1_116' title='bbox 1846 1336 2076 1412; x_wconf 86' lang='lat' dir='ltr'><strong>quoque</strong></span> 
     </span>
    </p>
   </div>
   <div class='ocr_carea' id='block_1_5' title="bbox 59 1404 2080 1582">
    <p class='ocr_par' dir='ltr' id='par_1_6' title="bbox 59 1404 2080 1582">
     <span class='ocr_line' id='line_1_14' title="bbox 62 1404 2080 1497; baseline 0.003 -20"><span class='ocrx_word' id='word_1_117' title='bbox 62 1417 299 1497; x_wconf 83' lang='lat' dir='ltr'><strong>quidam</strong></span> <span class='ocrx_word' id='word_1_118' title='bbox 326 1419 570 1479; x_wconf 79' lang='lat' dir='ltr'><strong>aditus</strong></span> <span class='ocrx_word' id='word_1_119' title='bbox 614 1420 722 1495; x_wconf 71' lang='lat' dir='ltr'><strong>ad</strong></span> <span class='ocrx_word' id='word_1_120' title='bbox 739 1404 1320 1494; x_wconf 79' lang='lat' dir='ltr'><strong>multitudinem,</strong></span> <span class='ocrx_word' id='word_1_121' title='bbox 1365 1425 1438 1478; x_wconf 92' lang='lat' dir='ltr'><strong>ut</strong></span> <span class='ocrx_word' id='word_1_122' title='bbox 1475 1421 1548 1478; x_wconf 91' lang='lat' dir='ltr'><strong>in</strong></span> <span class='ocrx_word' id='word_1_123' title='bbox 1578 1421 2080 1483; x_wconf 75' lang='lat' dir='ltr'><strong>universorum‘</strong></span> 
     </span>
     <span class='ocr_line' id='line_1_15' title="bbox 59 1503 1545 1582; baseline 0 -17"><span class='ocrx_word' id='word_1_124' title='bbox 59 1504 347 1565; x_wconf 86' lang='lat' dir='ltr'><strong>animos</strong></span> <span class='ocrx_word' id='word_1_125' title='bbox 390 1509 735 1582; x_wconf 79' lang='lat' dir='ltr'>tanquam</span> <span class='ocrx_word' id='word_1_126' title='bbox 778 1503 1104 1564; x_wconf 79' lang='lat' dir='ltr'><strong>influere</strong></span> <span class='ocrx_word' id='word_1_127' title='bbox 1144 1504 1545 1582; x_wconf 82' lang='lat' dir='ltr'><strong>possimus.</strong></span> 
     </span>
    </p>
   </div>
   <div class='ocr_carea' id='block_1_6' title="bbox 10 1587 2179 3202">
    <p class='ocr_par' dir='ltr' id='par_1_7' title="bbox 65 1587 2124 1834">
     <span class='ocr_line' id='line_1_16' title="bbox 190 1587 2077 1671; baseline 0 -24"><span class='ocrx_word' id='word_1_128' title='bbox 190 1591 293 1655; x_wconf 81' lang='lat'><strong>32.</strong></span> <span class='ocrx_word' id='word_1_129' title='bbox 332 1587 420 1648; x_wconf 87' lang='lat' dir='ltr'><strong>Ac</strong></span> <span class='ocrx_word' id='word_1_130' title='bbox 441 1590 680 1668; x_wconf 90' lang='lat' dir='ltr'><strong>primum</strong></span> <span class='ocrx_word' id='word_1_131' title='bbox 724 1589 798 1648; x_wconf 90' lang='lat' dir='ltr'><strong>de</strong></span> <span class='ocrx_word' id='word_1_132' title='bbox 845 1587 951 1647; x_wconf 90' lang='grc'><strong>11118</strong></span> <span class='ocrx_word' id='word_1_133' title='bbox 980 1588 1185 1671; x_wconf 67' lang='grc'><strong>1811188,</strong></span> <span class='ocrx_word' id='word_1_134' title='bbox 1225 1606 1391 1669; x_wconf 89' lang='grc'><strong>(1888</strong></span> <span class='ocrx_word' id='word_1_135' title='bbox 1414 1594 1546 1649; x_wconf 85' lang='lat' dir='ltr'><strong>ante</strong></span> <span class='ocrx_word' id='word_1_136' title='bbox 1575 1589 1721 1664; x_wconf 85' lang='lat' dir='ltr'><strong>dixi,</strong></span> <span class='ocrx_word' id='word_1_137' title='bbox 1760 1589 2077 1649; x_wconf 87' lang='lat' dir='ltr'><strong>benevo-</strong></span> 
     </span>
     <span class='ocr_line' id='line_1_17' title="bbox 66 1664 2124 1753; baseline -0.002 -18"><span class='ocrx_word' id='word_1_138' title='bbox 66 1675 195 1737; x_wconf 87' lang='lat' dir='ltr'><strong>len</strong></span> <span class='ocrx_word' id='word_1_139' title='bbox 210 1673 317 1734; x_wconf 87' lang='lat' dir='ltr'><strong>tia</strong></span> <span class='ocrx_word' id='word_1_140' title='bbox 332 1694 366 1734; x_wconf 89' lang='lat' dir='ltr'><strong>e</strong></span> <span class='ocrx_word' id='word_1_141' title='bbox 405 1681 703 1753; x_wconf 82' lang='lat' dir='ltr'><strong>praecepta</strong></span> <span class='ocrx_word' id='word_1_142' title='bbox 738 1674 1052 1734; x_wconf 79' lang='lat' dir='ltr'><strong>videamus.</strong></span> <span class='ocrx_word' id='word_1_143' title='bbox 1096 1693 1244 1751; x_wconf 67' lang='grc'><strong>’1888</strong></span> <span class='ocrx_word' id='word_1_144' title='bbox 1282 1675 1506 1752; x_wconf 86' lang='lat' dir='ltr'><strong>quidem</strong></span> <span class='ocrx_word' id='word_1_145' title='bbox 1539 1674 1753 1751; x_wconf 88' lang='lat' dir='ltr'><strong>capitur</strong></span> <span class='ocrx_word' id='word_1_146' title='bbox 1792 1664 2075 1733; x_wconf 77' lang='lat' dir='ltr'><strong>b&#39;eneficiis</strong></span> <span class='ocrx_word' id='word_1_147' title='bbox 2105 1723 2124 1748; x_wconf 70' lang='grc'><strong>,</strong></span> 
     </span>
     <span class='ocr_line' id='line_1_18' title="bbox 65 1756 2080 1834; baseline -0.003 -12"><span class='ocrx_word' id='word_1_148' title='bbox 65 1762 325 1834; x_wconf 82' lang='lat' dir='ltr'><strong>maxime,</strong></span> <span class='ocrx_word' id='word_1_149' title='bbox 356 1762 598 1819; x_wconf 85' lang='lat' dir='ltr'><strong>secundo</strong></span> <span class='ocrx_word' id='word_1_150' title='bbox 623 1764 807 1819; x_wconf 84' lang='lat' dir='ltr'><strong>autem</strong></span> <span class='ocrx_word' id='word_1_151' title='bbox 829 1757 952 1823; x_wconf 82' lang='lat' dir='ltr'><strong>loco</strong></span> <span class='ocrx_word' id='word_1_152' title='bbox 970 1758 1256 1819; x_wconf 82' lang='lat' dir='ltr'><strong>voluntate</strong></span> <span class='ocrx_word' id='word_1_153' title='bbox 1280 1760 1528 1819; x_wconf 82' lang='lat' dir='ltr'><strong>benefica</strong></span> <span class='ocrx_word' id='word_1_154' title='bbox 1550 1756 1931 1817; x_wconf 82' lang='lat' dir='ltr'><strong>benevolentia</strong></span> <span class='ocrx_word' id='word_1_155' title='bbox 1957 1778 2080 1817; x_wconf 84' lang='lat' dir='ltr'><strong>mo-</strong></span> 
     </span>
    </p>

    <p class='ocr_par' dir='ltr' id='par_1_8' title="bbox 10 1842 2082 2093">
     <span class='ocr_line' id='line_1_19' title="bbox 10 1842 2082 1923; baseline -0.004 -16"><span class='ocrx_word' id='word_1_156' title='bbox 10 1917 11 1920; x_wconf 9' lang='lat'><em>*</em></span> <span class='ocrx_word' id='word_1_157' title='bbox 66 1852 260 1918; x_wconf 84' lang='lat' dir='ltr'><strong>vetur,</strong></span> <span class='ocrx_word' id='word_1_158' title='bbox 306 1845 530 1923; x_wconf 37' lang='lat' dir='ltr'><strong>etiamsi·</strong></span> <span class='ocrx_word' id='word_1_159' title='bbox 549 1864 637 1904; x_wconf 86' lang='lat' dir='ltr'><strong>res</strong></span> <span class='ocrx_word' id='word_1_160' title='bbox 658 1846 805 1909; x_wconf 79' lang='lat' dir='ltr'><strong>forte</strong></span> <span class='ocrx_word' id='word_1_161' title='bbox 818 1842 943 1904; x_wconf 81' lang='lat' dir='ltr'><strong>-non</strong></span> <span class='ocrx_word' id='word_1_162' title='bbox 970 1846 1239 1923; x_wconf 82' lang='lat' dir='ltr'><strong>suppetit.</strong></span> <span class='ocrx_word' id='word_1_163' title='bbox 1323 1842 1694 1917; x_wconf 72' lang='lat' dir='ltr'><strong>Vehementer</strong></span> <span class='ocrx_word' id='word_1_164' title='bbox 1717 1849 1904 1902; x_wconf 87' lang='lat' dir='ltr'><strong>autem</strong></span> <span class='ocrx_word' id='word_1_165' title='bbox 1924 1862 2082 1901; x_wconf 88' lang='lat' dir='ltr'><strong>amor</strong></span> 
     </span>
     <span class='ocr_line' id='line_1_20' title="bbox 67 1928 2081 2011; baseline -0.002 -18"><span class='ocrx_word' id='word_1_166' title='bbox 67 1929 434 2011; x_wconf 82' lang='lat' dir='ltr'><strong>multitudinis</strong></span> <span class='ocrx_word' id='word_1_167' title='bbox 464 1936 840 1993; x_wconf 87' lang='lat' dir='ltr'><strong>commovetur</strong></span> <span class='ocrx_word' id='word_1_168' title='bbox 868 1931 991 2008; x_wconf 85' lang='lat' dir='ltr'><strong>ipsa</strong></span> <span class='ocrx_word' id='word_1_169' title='bbox 1020 1931 1169 1990; x_wconf 85' lang='lat' dir='ltr'><strong>fama</strong></span> <span class='ocrx_word' id='word_1_170' title='bbox 1203 1935 1262 1990; x_wconf 86' lang='lat' dir='ltr'><strong>et</strong></span> <span class='ocrx_word' id='word_1_171' title='bbox 1295 1928 1937 2009; x_wconf 76' lang='lat' dir='ltr'><strong>opinioneiiberalitatis,</strong></span> <span class='ocrx_word' id='word_1_172' title='bbox 1982 1929 2081 1989; x_wconf 82' lang='lat' dir='ltr'><strong>be-</strong></span> 
     </span>
     <span class='ocr_line' id='line_1_21' title="bbox 72 2014 2081 2093; baseline -0.001 -17"><span class='ocrx_word' id='word_1_173' title='bbox 72 2015 433 2090; x_wconf 78' lang='lat' dir='ltr'><strong>neticentiae,</strong></span> <span class='ocrx_word' id='word_1_174' title='bbox 483 2015 750 2090; x_wconf 85' lang='lat' dir='ltr'><strong>iustitiae,</strong></span> <span class='ocrx_word' id='word_1_175' title='bbox 765 2070 782 2075; x_wconf 91' lang='lat'><strong>-</strong></span> <span class='ocrx_word' id='word_1_176' title='bbox 804 2014 936 2075; x_wconf 87' lang='lat' dir='ltr'><strong>fidei</strong></span> <span class='ocrx_word' id='word_1_177' title='bbox 976 2014 1334 2093; x_wconf 89' lang='lat' dir='ltr'><strong>omniumque</strong></span> <span class='ocrx_word' id='word_1_178' title='bbox 1363 2034 1550 2076; x_wconf 87' lang='lat' dir='ltr'><strong>earum</strong></span> <span class='ocrx_word' id='word_1_179' title='bbox 1600 2015 1884 2088; x_wconf 81' lang='lat' dir='ltr'><strong>virtutum,</strong></span> <span class='ocrx_word' id='word_1_180' title='bbox 1934 2031 2081 2093; x_wconf 79' lang='lat' dir='ltr'><strong>quae</strong></span> 
     </span>
    </p>

    <p class='ocr_par' dir='ltr' id='par_1_9' title="bbox 71 2096 2084 2349">
     <span class='ocr_line' id='line_1_22' title="bbox 99 2096 2084 2167; baseline -0.002 -8"><span class='ocrx_word' id='word_1_181' title='bbox 99 2096 106 2099; x_wconf 72' lang='grc'><strong>’</strong></span> <span class='ocrx_word' id='word_1_182' title='bbox 201 2101 359 2161; x_wconf 88' lang='lat' dir='ltr'><strong>inent</strong></span> <span class='ocrx_word' id='word_1_183' title='bbox 382 2100 460 2158; x_wconf 89' lang='lat' dir='ltr'><strong>ad</strong></span> <span class='ocrx_word' id='word_1_184' title='bbox 480 2101 954 2163; x_wconf 78' lang='lat' dir='ltr'><strong>mansuetudinem</strong></span> <span class='ocrx_word' id='word_1_185' title='bbox 993 2110 1209 2163; x_wconf 83' lang='lat' dir='ltr'><strong>morum</strong></span> <span class='ocrx_word' id='word_1_186' title='bbox 1239 2120 1307 2160; x_wconf 86' lang='lat' dir='ltr'><strong>ac</strong></span> <span class='ocrx_word' id='word_1_187' title='bbox 1331 2101 1670 2167; x_wconf 74' lang='lat' dir='ltr'><strong>facilitatem.</strong></span> <span class='ocrx_word' id='word_1_188' title='bbox 1756 2099 1984 2161; x_wconf 87' lang='lat' dir='ltr'><strong>Etenim</strong></span> <span class='ocrx_word' id='word_1_189' title='bbox 2012 2099 2084 2156; x_wconf 73' lang='lat' dir='ltr'><strong>il-</strong></span> 
     </span>
     <span class='ocr_line' id='line_1_23' title="bbox 131 2185 2083 2264; baseline -0.001 -19"><span class='ocrx_word' id='word_1_190' title='bbox 131 2185 171 2245; x_wconf 94' lang='lat' dir='ltr'><strong>d</strong></span> <span class='ocrx_word' id='word_1_191' title='bbox 208 2186 421 2264; x_wconf 87' lang='lat' dir='ltr'><strong>ipsum,</strong></span> <span class='ocrx_word' id='word_1_192' title='bbox 465 2186 621 2263; x_wconf 90' lang='lat' dir='ltr'><strong>quod</strong></span> <span class='ocrx_word' id='word_1_193' title='bbox 661 2185 956 2246; x_wconf 85' lang='lat' dir='ltr'><strong>honestum</strong></span> <span class='ocrx_word' id='word_1_194' title='bbox 996 2187 1370 2263; x_wconf 87' lang='lat' dir='ltr'><strong>decorumque</strong></span> <span class='ocrx_word' id='word_1_195' title='bbox 1406 2186 1667 2257; x_wconf 84' lang='lat' dir='ltr'><strong>dicimus,</strong></span> <span class='ocrx_word' id='word_1_196' title='bbox 1710 2186 1844 2262; x_wconf 85' lang='lat' dir='ltr'><strong>quia</strong></span> <span class='ocrx_word' id='word_1_197' title='bbox 1884 2203 1986 2262; x_wconf 88' lang='lat' dir='ltr'><strong>per</strong></span> <span class='ocrx_word' id='word_1_198' title='bbox 2019 2202 2083 2244; x_wconf 91' lang='lat' dir='ltr'><strong>se</strong></span> 
     </span>
     <span class='ocr_line' id='line_1_24' title="bbox 71 2269 2084 2349; baseline -0.001 -18"><span class='ocrx_word' id='word_1_199' title='bbox 71 2270 237 2332; x_wconf 87' lang='lat' dir='ltr'><strong>nobis</strong></span> <span class='ocrx_word' id='word_1_200' title='bbox 266 2269 449 2349; x_wconf 84' lang='lat' dir='ltr'><strong>placet</strong></span> <span class='ocrx_word' id='word_1_201' title='bbox 472 2270 793 2348; x_wconf 88' lang='lat' dir='ltr'><strong>animosque</strong></span> <span class='ocrx_word' id='word_1_202' title='bbox 818 2271 1064 2330; x_wconf 89' lang='lat' dir='ltr'><strong>omnium</strong></span> <span class='ocrx_word' id='word_1_203' title='bbox 1096 2275 1299 2331; x_wconf 86' lang='lat' dir='ltr'><strong>natura</strong></span> <span class='ocrx_word' id='word_1_204' title='bbox 1323 2275 1379 2329; x_wconf 86' lang='lat' dir='ltr'><strong>et</strong></span> <span class='ocrx_word' id='word_1_205' title='bbox 1420 2271 1605 2347; x_wconf 85' lang='lat' dir='ltr'><strong>specie</strong></span> <span class='ocrx_word' id='word_1_206' title='bbox 1639 2288 1740 2329; x_wconf 88' lang='lat' dir='ltr'><strong>sua</strong></span> <span class='ocrx_word' id='word_1_207' title='bbox 1774 2274 2084 2328; x_wconf 85' lang='lat' dir='ltr'><strong>commovet</strong></span> 
     </span>
    </p>

    <p class='ocr_par' dir='ltr' id='par_1_10' title="bbox 31 2352 2137 2690">
     <span class='ocr_line' id='line_1_25' title="bbox 31 2352 2083 2439; baseline -0.002 -23"><span class='ocrx_word' id='word_1_208' title='bbox 31 2371 424 2433; x_wconf 57' lang='lat' dir='ltr'><strong>(maximeque</strong></span> <span class='ocrx_word' id='word_1_209' title='bbox 450 2352 610 2439; x_wconf 77' lang='lat' dir='ltr'><strong>quasi</strong></span> <span class='ocrx_word' id='word_1_210' title='bbox 629 2356 875 2436; x_wconf 83' lang='lat' dir='ltr'><strong>perlucet</strong></span> <span class='ocrx_word' id='word_1_211' title='bbox 899 2375 968 2416; x_wconf 85' lang='lat' dir='ltr'><strong>ex</strong></span> <span class='ocrx_word' id='word_1_212' title='bbox 993 2356 1077 2431; x_wconf 84' lang='lat' dir='ltr'><strong>iis,</strong></span> <span class='ocrx_word' id='word_1_213' title='bbox 1118 2374 1261 2433; x_wconf 84' lang='lat' dir='ltr'><strong>quas</strong></span> <span class='ocrx_word' id='word_1_214' title='bbox 1287 2355 1726 2427; x_wconf 87' lang='lat' dir='ltr'><strong>commemoravi,</strong></span> <span class='ocrx_word' id='word_1_215' title='bbox 1769 2353 2083 2413; x_wconf 75' lang='lat' dir='ltr'><strong>virtutibuS.</strong></span> 
     </span>
     <span class='ocr_line' id='line_1_26' title="bbox 73 2437 2137 2537; baseline -0.001 -36"><span class='ocrx_word' id='word_1_216' title='bbox 73 2440 284 2502; x_wconf 80' lang='lat' dir='ltr'><strong>idcirco</strong></span> <span class='ocrx_word' id='word_1_217' title='bbox 310 2439 464 2516; x_wconf 87' lang='lat' dir='ltr'><strong>illos,</strong></span> <span class='ocrx_word' id='word_1_218' title='bbox 506 2441 563 2500; x_wconf 91' lang='lat' dir='ltr'><strong>in</strong></span> <span class='ocrx_word' id='word_1_219' title='bbox 591 2440 793 2519; x_wconf 85' lang='lat' dir='ltr'><strong>quibus</strong></span> <span class='ocrx_word' id='word_1_220' title='bbox 833 2461 929 2502; x_wconf 86' lang='lat' dir='ltr'><strong>eas</strong></span> <span class='ocrx_word' id='word_1_221' title='bbox 968 2442 1200 2500; x_wconf 85' lang='lat' dir='ltr'><strong>virtutes</strong></span> <span class='ocrx_word' id='word_1_222' title='bbox 1228 2458 1364 2518; x_wconf 73' lang='lat' dir='ltr'><strong>esse</strong></span> <span class='ocrx_word' id='word_1_223' title='bbox 1390 2460 1600 2514; x_wconf 83' lang='lat' dir='ltr'><strong>remur,</strong></span> <span class='ocrx_word' id='word_1_224' title='bbox 1655 2457 1690 2497; x_wconf 89' lang='grc'><strong>8</strong></span> <span class='ocrx_word' id='word_1_225' title='bbox 1721 2443 1919 2497; x_wconf 84' lang='lat' dir='ltr'><strong>natura</strong></span> <span class='ocrx_word' id='word_1_226' title='bbox 1960 2437 2085 2537; x_wconf 69' lang='lat' dir='ltr'><strong>ipsa</strong></span> <span class='ocrx_word' id='word_1_227' title='bbox 2125 2466 2137 2477; x_wconf 76' lang='lat'>=</span> 
     </span>
     <span class='ocr_line' id='line_1_27' title="bbox 76 2487 2086 2604; baseline -0.003 -17"><span class='ocrx_word' id='word_1_228' title='bbox 76 2526 315 2602; x_wconf 82' lang='lat' dir='ltr'><strong>diligere</strong></span> <span class='ocrx_word' id='word_1_229' title='bbox 341 2487 607 2602; x_wconf 78' lang='lat' dir='ltr'><strong>cogimur.</strong></span> <span class='ocrx_word' id='word_1_230' title='bbox 690 2523 875 2604; x_wconf 81' lang='lat' dir='ltr'><strong>Atque</strong></span> <span class='ocrx_word' id='word_1_231' title='bbox 897 2526 1007 2587; x_wconf 88' lang='lat' dir='ltr'><strong>hae</strong></span> <span class='ocrx_word' id='word_1_232' title='bbox 1033 2527 1262 2604; x_wconf 89' lang='lat' dir='ltr'><strong>quidem</strong></span> <span class='ocrx_word' id='word_1_233' title='bbox 1285 2544 1483 2597; x_wconf 78' lang='lat' dir='ltr'><strong>causae</strong></span> <span class='ocrx_word' id='word_1_234' title='bbox 1521 2524 1791 2600; x_wconf 82' lang='lat' dir='ltr'><strong>diligendi</strong></span> <span class='ocrx_word' id='word_1_235' title='bbox 1824 2523 2086 2603; x_wconf 77' lang='lat' dir='ltr'><strong>gravissi-</strong></span> 
     </span>
     <span class='ocr_line' id='line_1_28' title="bbox 77 2608 1857 2690; baseline -0.003 -18"><span class='ocrx_word' id='word_1_236' title='bbox 77 2630 237 2672; x_wconf 85' lang='lat' dir='ltr'><strong>mae:</strong></span> <span class='ocrx_word' id='word_1_237' title='bbox 279 2616 516 2688; x_wconf 85' lang='lat' dir='ltr'><strong>possunt</strong></span> <span class='ocrx_word' id='word_1_238' title='bbox 539 2610 688 2672; x_wconf 86' lang='lat' dir='ltr'><strong>enim</strong></span> <span class='ocrx_word' id='word_1_239' title='bbox 705 2616 1001 2690; x_wconf 78' lang='lat' dir='ltr'><strong>praeterea</strong></span> <span class='ocrx_word' id='word_1_240' title='bbox 1024 2611 1321 2671; x_wconf 85' lang='lat' dir='ltr'><strong>nonnullae</strong></span> <span class='ocrx_word' id='word_1_241' title='bbox 1344 2629 1466 2673; x_wconf 83' lang='lat' dir='ltr'><strong>esse</strong></span> <span class='ocrx_word' id='word_1_242' title='bbox 1490 2609 1740 2669; x_wconf 81' lang='lat' dir='ltr'><strong>leviores.</strong></span> <span class='ocrx_word' id='word_1_243' title='bbox 1850 2608 1857 2621; x_wconf 82' lang='lat'><em>&#39;</em></span> 
     </span>
    </p>

    <p class='ocr_par' dir='ltr' id='par_1_11' title="bbox 78 2652 2179 3202">
     <span class='ocr_line' id='line_1_29' title="bbox 208 2652 2089 2771; baseline -0.005 -10"><span class='ocrx_word' id='word_1_244' title='bbox 208 2697 312 2761; x_wconf 85' lang='lat'><strong>33</strong></span> <span class='ocrx_word' id='word_1_245' title='bbox 341 2696 565 2757; x_wconf 84' lang='lat' dir='ltr'><strong>Fides</strong></span> <span class='ocrx_word' id='word_1_246' title='bbox 596 2701 782 2757; x_wconf 91' lang='lat' dir='ltr'><strong>autem</strong></span> <span class='ocrx_word' id='word_1_247' title='bbox 815 2701 893 2756; x_wconf 89' lang='lat' dir='ltr'><strong>ut</strong></span> <span class='ocrx_word' id='word_1_248' title='bbox 920 2696 1314 2771; x_wconf 86' lang='lat' dir='ltr'><strong>habeatur,</strong></span> <span class='ocrx_word' id='word_1_249' title='bbox 1357 2696 1577 2755; x_wconf 83' lang='lat' dir='ltr'><strong>duabus</strong></span> <span class='ocrx_word' id='word_1_250' title='bbox 1593 2695 1757 2753; x_wconf 81' lang='lat' dir='ltr'><strong>rebus</strong></span> <span class='ocrx_word' id='word_1_251' title='bbox 1784 2692 1929 2754; x_wconf 84' lang='lat' dir='ltr'><strong>effici</strong></span> <span class='ocrx_word' id='word_1_252' title='bbox 1938 2652 2089 2771; x_wconf 80' lang='lat' dir='ltr'><strong>pot·-</strong></span> 
     </span>
     <span class='ocr_line' id='line_1_30' title="bbox 82 2779 2086 2860; baseline -0.003 -19"><span class='ocrx_word' id='word_1_253' title='bbox 82 2784 223 2841; x_wconf 80' lang='lat' dir='ltr'><strong>est&#39;:</strong></span> <span class='ocrx_word' id='word_1_254' title='bbox 245 2799 292 2839; x_wconf 85' lang='grc'><strong>81</strong></span> <span class='ocrx_word' id='word_1_255' title='bbox 275 2781 733 2841; x_wconf 74' lang='lat' dir='ltr'><strong>existimabimur</strong></span> <span class='ocrx_word' id='word_1_256' title='bbox 757 2782 950 2860; x_wconf 83' lang='lat' dir='ltr'><strong>adepti</strong></span> <span class='ocrx_word' id='word_1_257' title='bbox 962 2781 1306 2843; x_wconf 88' lang='lat' dir='ltr'><strong>coniunctam</strong></span> <span class='ocrx_word' id='word_1_258' title='bbox 1327 2801 1450 2840; x_wconf 84' lang='lat' dir='ltr'><strong>cum</strong></span> <span class='ocrx_word' id='word_1_259' title='bbox 1480 2780 1687 2841; x_wconf 82' lang='lat' dir='ltr'><strong>iustitia</strong></span> <span class='ocrx_word' id='word_1_260' title='bbox 1715 2779 2086 2858; x_wconf 74' lang='lat' dir='ltr'><strong>prudentiam.</strong></span> 
     </span>
     <span class='ocr_line' id='line_1_31' title="bbox 78 2864 2121 2945; baseline -0.003 -18"><span class='ocrx_word' id='word_1_261' title='bbox 78 2864 236 2927; x_wconf 89' lang='lat' dir='ltr'><strong>Nam</strong></span> <span class='ocrx_word' id='word_1_262' title='bbox 264 2865 362 2925; x_wconf 89' lang='lat' dir='ltr'><strong>et</strong></span> <span class='ocrx_word' id='word_1_263' title='bbox 346 2866 415 2937; x_wconf 79' lang='grc'><strong>118</strong></span> <span class='ocrx_word' id='word_1_264' title='bbox 439 2866 608 2927; x_wconf 87' lang='lat' dir='ltr'><strong>fidem</strong></span> <span class='ocrx_word' id='word_1_265' title='bbox 623 2866 944 2940; x_wconf 67' lang='lat' dir='ltr'><strong>habemus,</strong></span> <span class='ocrx_word' id='word_1_266' title='bbox 988 2886 1128 2945; x_wconf 90' lang='lat' dir='ltr'><strong>quos</strong></span> <span class='ocrx_word' id='word_1_267' title='bbox 1164 2865 1287 2945; x_wconf 88' lang='grc' dir='ltr'><strong>Ρ188</strong></span> <span class='ocrx_word' id='word_1_268' title='bbox 1320 2866 1814 2942; x_wconf 63' lang='lat' dir='ltr'><strong>intelligerequam</strong></span> <span class='ocrx_word' id='word_1_269' title='bbox 1846 2882 1949 2921; x_wconf 87' lang='lat' dir='ltr'><strong>nos</strong></span> <span class='ocrx_word' id='word_1_270' title='bbox 1996 2882 2121 2945; x_wconf 31' lang='lat' dir='ltr'><strong>arf--</strong></span> 
     </span>
     <span class='ocr_line' id='line_1_32' title="bbox 84 2943 2179 3031; baseline -0.001 -20"><span class='ocrx_word' id='word_1_271' title='bbox 84 2951 398 3025; x_wconf 77' lang='lat' dir='ltr'><strong>bitramur,</strong></span> <span class='ocrx_word' id='word_1_272' title='bbox 431 2968 685 3030; x_wconf 81' lang='lat' dir='ltr'><strong>quosque</strong></span> <span class='ocrx_word' id='word_1_273' title='bbox 712 2956 771 3011; x_wconf 89' lang='lat' dir='ltr'><strong>et</strong></span> <span class='ocrx_word' id='word_1_274' title='bbox 793 2953 979 3012; x_wconf 84' lang='lat' dir='ltr'><strong>futura</strong></span> <span class='ocrx_word' id='word_1_275' title='bbox 1003 2953 1322 3031; x_wconf 82' lang='lat' dir='ltr'><strong>prospicere</strong></span> <span class='ocrx_word' id='word_1_276' title='bbox 1347 2952 1620 3011; x_wconf 86' lang='lat' dir='ltr'><strong>credimus</strong></span> <span class='ocrx_word' id='word_1_277' title='bbox 1659 2955 1721 3009; x_wconf 91' lang='lat' dir='ltr'><strong>et</strong></span> <span class='ocrx_word' id='word_1_278' title='bbox 1735 2992 1757 3024; x_wconf 83' lang='lat'><strong>,</strong></span> <span class='ocrx_word' id='word_1_279' title='bbox 1802 2967 1972 3026; x_wconf 89' lang='lat' dir='ltr'><strong>quum</strong></span> <span class='ocrx_word' id='word_1_280' title='bbox 1997 2966 2088 3009; x_wconf 82' lang='lat' dir='ltr'><strong>res</strong></span> <span class='ocrx_word' id='word_1_281' title='bbox 2174 2943 2179 2949; x_wconf 70' lang='grc'><strong>’</strong></span> 
     </span>
     <span class='ocr_line' id='line_1_33' title="bbox 81 3034 2090 3114; baseline 0 -19"><span class='ocrx_word' id='word_1_282' title='bbox 81 3041 288 3113; x_wconf 79' lang='lat' dir='ltr'><strong>agatur</strong></span> <span class='ocrx_word' id='word_1_283' title='bbox 314 3037 375 3095; x_wconf 89' lang='lat' dir='ltr'><strong>in</strong></span> <span class='ocrx_word' id='word_1_284' title='bbox 418 3036 819 3114; x_wconf 85' lang='lat' dir='ltr'><strong>discrimenque</strong></span> <span class='ocrx_word' id='word_1_285' title='bbox 853 3042 1077 3096; x_wconf 84' lang='lat' dir='ltr'><strong>ventum</strong></span> <span class='ocrx_word' id='word_1_286' title='bbox 1110 3037 1215 3108; x_wconf 82' lang='lat' dir='ltr'><strong>sit,</strong></span> <span class='ocrx_word' id='word_1_287' title='bbox 1257 3037 1517 3114; x_wconf 84' lang='lat' dir='ltr'><strong>expedire</strong></span> <span class='ocrx_word' id='word_1_288' title='bbox 1558 3054 1677 3094; x_wconf 87' lang='lat' dir='ltr'><strong>rem</strong></span> <span class='ocrx_word' id='word_1_289' title='bbox 1714 3038 1773 3094; x_wconf 89' lang='lat' dir='ltr'><strong>et</strong></span> <span class='ocrx_word' id='word_1_290' title='bbox 1805 3034 2090 3095; x_wconf 87' lang='lat' dir='ltr'><strong>consilium</strong></span> 
     </span>
     <span class='ocr_line' id='line_1_34' title="bbox 81 3120 2092 3202; baseline -0 -22"><span class='ocrx_word' id='word_1_291' title='bbox 81 3139 156 3180; x_wconf 82' lang='lat' dir='ltr'><strong>ex</strong></span> <span class='ocrx_word' id='word_1_292' title='bbox 188 3125 445 3200; x_wconf 89' lang='lat' dir='ltr'><strong>tempore</strong></span> <span class='ocrx_word' id='word_1_293' title='bbox 466 3140 668 3202; x_wconf 81' lang='lat' dir='ltr'><strong>capere</strong></span> <span class='ocrx_word' id='word_1_294' title='bbox 691 3141 876 3201; x_wconf 81' lang='lat' dir='ltr'><strong>posse.</strong></span> <span class='ocrx_word' id='word_1_295' title='bbox 927 3179 933 3187; x_wconf 80' lang='grc'>,</span> <span class='ocrx_word' id='word_1_296' title='bbox 961 3121 1128 3181; x_wconf 88' lang='lat' dir='ltr'><strong>Hanc</strong></span> <span class='ocrx_word' id='word_1_297' title='bbox 1158 3121 1306 3181; x_wconf 86' lang='lat' dir='ltr'><strong>enim</strong></span> <span class='ocrx_word' id='word_1_298' title='bbox 1332 3122 1521 3181; x_wconf 85' lang='lat' dir='ltr'><strong>utilem</strong></span> <span class='ocrx_word' id='word_1_299' title='bbox 1548 3140 1739 3179; x_wconf 86' lang='lat' dir='ltr'><strong>omnes</strong></span> <span class='ocrx_word' id='word_1_300' title='bbox 1779 3120 2092 3189; x_wconf 77' lang='lat' dir='ltr'><strong>existimant</strong></span> 
     </span>
    </p>
   </div>
   <div class='ocr_carea' id='block_1_7' title="bbox 79 3205 2215 3285">
    <p class='ocr_par' dir='ltr' id='par_1_12' title="bbox 79 3205 2215 3285">
     <span class='ocr_line' id='line_1_35' title="bbox 79 3205 2215 3285; baseline -0.002 -19"><span class='ocrx_word' id='word_1_301' title='bbox 79 3223 387 3284; x_wconf 82' lang='lat' dir='ltr'><strong>veramque</strong></span> <span class='ocrx_word' id='word_1_302' title='bbox 422 3206 789 3285; x_wconf 87' lang='lat' dir='ltr'><strong>prudentiam.</strong></span> <span class='ocrx_word' id='word_1_303' title='bbox 875 3207 1036 3266; x_wconf 81' lang='lat' dir='ltr'><strong>[ustis</strong></span> <span class='ocrx_word' id='word_1_304' title='bbox 1063 3211 1249 3266; x_wconf 70' lang='lat' dir='ltr'><strong>aetem</strong></span> <span class='ocrx_word' id='word_1_305' title='bbox 1274 3211 1336 3265; x_wconf 85' lang='lat' dir='ltr'><strong>et</strong></span> <span class='ocrx_word' id='word_1_306' title='bbox 1360 3206 1487 3265; x_wconf 85' lang='lat' dir='ltr'><strong>fidis</strong></span> <span class='ocrx_word' id='word_1_307' title='bbox 1511 3205 1821 3265; x_wconf 84' lang='lat' dir='ltr'><strong>hominibus</strong></span> <span class='ocrx_word' id='word_1_308' title='bbox 1834 3247 1855 3278; x_wconf 89' lang='lat'><strong>,</strong></span> <span class='ocrx_word' id='word_1_309' title='bbox 1896 3206 1955 3263; x_wconf 88' lang='lat' dir='ltr'><strong>id</strong></span> <span class='ocrx_word' id='word_1_310' title='bbox 1986 3212 2092 3278; x_wconf 87' lang='lat' dir='ltr'><strong>est,</strong></span> <span class='ocrx_word' id='word_1_311' title='bbox 2210 3248 2215 3253; x_wconf 77' lang='lat'><strong>.</strong></span> 
     </span>
    </p>
   </div>
   <div class='ocr_carea' id='block_1_8' title="bbox 78 3289 2096 3628">
    <p class='ocr_par' dir='ltr' id='par_1_13' title="bbox 78 3289 2096 3628">
     <span class='ocr_line' id='line_1_36' title="bbox 81 3289 2092 3393; baseline -0.001 -42"><span class='ocrx_word' id='word_1_312' title='bbox 81 3290 252 3351; x_wconf 79' lang='lat' dir='ltr'><strong>bonis</strong></span> <span class='ocrx_word' id='word_1_313' title='bbox 280 3291 452 3393; x_wconf 58' lang='lat' dir='ltr'><strong>viris,</strong></span> <span class='ocrx_word' id='word_1_314' title='bbox 488 3292 571 3352; x_wconf 68' lang='lat' dir='ltr'><strong>ita</strong></span> <span class='ocrx_word' id='word_1_315' title='bbox 603 3293 746 3377; x_wconf 80' lang='lat' dir='ltr'><strong>fides</strong></span> <span class='ocrx_word' id='word_1_316' title='bbox 768 3291 1035 3390; x_wconf 41' lang='lat' dir='ltr'><strong>habetur,</strong></span> <span class='ocrx_word' id='word_1_317' title='bbox 1078 3296 1144 3350; x_wconf 88' lang='lat' dir='ltr'><strong>ut</strong></span> <span class='ocrx_word' id='word_1_318' title='bbox 1167 3289 1323 3351; x_wconf 76' lang='lat' dir='ltr'><strong>nulla</strong></span> <span class='ocrx_word' id='word_1_319' title='bbox 1342 3292 1494 3351; x_wconf 84' lang='lat' dir='ltr'><strong>sitin</strong></span> <span class='ocrx_word' id='word_1_320' title='bbox 1512 3290 1811 3390; x_wconf 38' lang='lat' dir='ltr'><strong>iistraudis</strong></span> <span class='ocrx_word' id='word_1_321' title='bbox 1834 3291 2092 3390; x_wconf 72' lang='lat' dir='ltr'><strong>iniuriae·</strong></span> 
     </span>
     <span class='ocr_line' id='line_1_37' title="bbox 78 3373 2094 3536; baseline -0.002 -15"><span class='ocrx_word' id='word_1_322' title='bbox 78 3375 916 3523; x_wconf 54' lang='lat' dir='ltr'><strong>ssss&#39;ssrffissss‘iizamfflffimiii</strong></span> <span class='ocrx_word' id='word_1_323' title='bbox 937 3376 1492 3527; x_wconf 52' lang='lat' dir='ltr'><strong>ffiiffiffl‘ffi&#39;</strong></span> <span class='ocrx_word' id='word_1_324' title='bbox 1509 3373 2094 3536; x_wconf 54' lang='grc' dir='ltr'>ὲὲηἷᾚῗῗιῗέ</span> 
     </span>
     <span class='ocr_line' id='line_1_38' title="bbox 80 3545 2096 3628; baseline -0.001 -21"><span class='ocrx_word' id='word_1_325' title='bbox 80 3562 213 3607; x_wconf 86' lang='lat' dir='ltr'><strong>rum</strong></span> <span class='ocrx_word' id='word_1_326' title='bbox 249 3546 328 3606; x_wconf 85' lang='lat' dir='ltr'><strong>ad</strong></span> <span class='ocrx_word' id='word_1_327' title='bbox 366 3545 534 3606; x_wconf 69' lang='lat' dir='ltr'><strong>adan</strong></span> <span class='ocrx_word' id='word_1_328' title='bbox 574 3547 883 3625; x_wconf 77' lang='lat' dir='ltr'><strong>faciendam</strong></span> <span class='ocrx_word' id='word_1_329' title='bbox 921 3545 1132 3609; x_wconf 85' lang='lat' dir='ltr'><strong>iustitia</strong></span> <span class='ocrx_word' id='word_1_330' title='bbox 1167 3546 1293 3628; x_wconf 80' lang='lat' dir='ltr'><strong>plus</strong></span> <span class='ocrx_word' id='word_1_331' title='bbox 1315 3545 1522 3627; x_wconf 62' lang='lat' dir='ltr'><strong>pollet,</strong></span> <span class='ocrx_word' id='word_1_332' title='bbox 1561 3546 1770 3624; x_wconf 85' lang='lat' dir='ltr'><strong>quippe</strong></span> <span class='ocrx_word' id='word_1_333' title='bbox 1812 3563 1979 3622; x_wconf 89' lang='lat' dir='ltr'><strong>quum</strong></span> <span class='ocrx_word' id='word_1_334' title='bbox 2026 3564 2096 3604; x_wconf 84' lang='lat' dir='ltr'><strong>ea</strong></span> 
     </span>
    </p>
   </div>
  </div>
 </body>
</html>
