2417 3967
489 258 734 324 ‚L113.
774 258 819 322 1.
904 258 1098 324 cAP.
1149 260 1254 328 41.
1296 261 1398 331 42
1443 234 1579 357 436Ι
1973 269 2062 391 48

71 408 356 488 ingenuum
374 359 561 494 potest
582 390 788 477 habere
814 415 1057 476 officina.
1144 376 1487 498 Minimeque
1515 425 1663 482 artes
1678 418 1785 481 hae
1810 421 2054 502 proban·
2173 434 2180 445 ·
2240 458 2251 472 ι
2372 399 2376 421 ¹

72 496 196 574 dae,
234 518 378 577 quae
400 502 683 562 ministrae
707 510 836 563 sunt
853 501 1255 582 voluptatum,
1304 520 1315 528 ·

358 585 613 664 Cetdrii,
656 576 826 663 lanii,
869 592 1056 667 coqui,
1091 588 1375 667 sartores,
1402 592 1719 669 piscatores,

67 671 123 725 ιιι
146 669 220 731 ait
246 666 565 733 Terentius.
650 672 816 733 Adde
835 673 983 748 huc,
1028 675 1075 733 si
1101 673 1308 752 placet,
1349 681 1778 755 unguentarios,
1823 676 2051 737 saltato-
2106 711 2112 721 ·

65 770 143 813 res
166 759 450 843 totumque
474 757 665 818 ludum
693 756 968 819 talariam.
1057 760 1197 825 151.
1239 761 1455 830 Quibus
1488 768 1676 822 autem
1713 763 1929 823 artibus
1948 769 2050 833 aut
2098 838 2105 843 ,
2132 830 2136 834 Α

64 838 354 916 prudentia
368 844 545 902 maior
579 845 726 907 inest
765 849 867 902 aut
904 863 1021 903 non
1067 846 1360 905 mediocris
1404 847 1604 906 utilitas
1625 848 1906 924 quaeritur
1922 890 1942 921 ,
1980 852 2049 908 ut

62 925 336 1001 medicina,
376 934 439 986 ut
461 929 820 989 architectura
833 971 854 1003 ,
897 935 958 987 ut
999 929 1250 989 doctrina
1287 951 1472 992 rerum
1513 932 1868 992 honestarum
1882 977 1900 1006 ‚
1945 952 2048 995 eae

60 1014 174 1067 suut
209 1011 307 1086 iis,
341 1032 580 1090 quorum
606 1015 788 1074 ordini
815 1015 1182 1089 conveniunt,
1231 1016 1515 1077 honestae.
1601 1019 1915 1076 Mercatura
1947 1036 2050 1076 au·
2090 1040 2097 1044 ·

59 1097 156 1157 tem
194 1097 241 1154 si
271 1098 455 1158 tenuis
477 1106 582 1159 est
596 1121 616 1159 ι
656 1100 883 1163 sordida
911 1101 1169 1178 putanda
1202 1108 1322 1175 est3
1391 1103 1478 1161 ‘sin
1529 1121 1733 1180 magna
1759 1109 1816 1162 et
1851 1103 2048 1181 copio-

56 1196 146 1254 sa,
191 1182 359 1242 multa
408 1185 654 1262 undique
693 1191 1000 1264 apportans
1050 1187 1346 1265 multisque
1390 1189 1513 1248 sine
1561 1190 1806 1248 vanitate
1842 1188 2048 1269 imper·
2143 1250 2149 1257 ,

55 1265 232 1326 tiens.-
272 1287 393 1331 non
432 1275 519 1330 est
572 1271 874 1331 admodum
909 1272 1308 1352 vituperanda.
1414 1272 1607 1351 Atque
1653 1274 1819 1333 etiam
1856 1274 1904 1337 si
1954 1293 2048 1333 sa·-

57 1350 182 1417 tiata
212 1360 456 1431 quaestu
503 1355 592 1416 vel
636 1362 899 1425 contenta
930 1359 1147 1436 potius,
1190 1363 1261 1417 ut
1290 1377 1497 1436 saepe,
1551 1378 1621 1419 ex
1666 1358 1779 1417 alto
1819 1360 1876 1418 in
1911 1378 2067 1438 μοι-ο,
2168 1388 2172 1391 Δ

54 1439 189 1510 ιιιιιι,
227 1458 298 1499 ex
321 1440 452 1519 ipso
470 1447 643 1525 portu
672 1461 735 1501 se
757 1442 818 1500 ιιι
852 1458 1023 1519 agros
1063 1444 1560 1521 possessionesque
1586 1443 1844 1504 contulit.
1868 1442 2047 1505 vide·
2094 1499 2100 1503 .
2168 1454 2206 1473 ·“

52 1523 168 1579 tur·
155 1543 267 1587 mre
285 1525 504 1605 optimo
530 1547 703 1605 posse
727 1526 958 1586 laudari.
1046 1528 1309 1589 Omnium
1337 1535 1524 1588 autem
1550 1544 1764 1601 rerum,
1807 1546 1877 1587 ex
1915 1530 2046 1607 qui·-

52 1597 142 1671 bns
162 1608 373 1687 aliquid
405 1613 741 1689 acquiritur,
781 1610 915 1689 nihil
954 1616 1041 1672 est
1076 1604 1409 1689 agricultura
1456 1612 1683 1685 melius,
1723 1569 1856 1672 nihil
1894 1613 2044 1673 ube·-

48 1692 177 1767 rius,
215 1695 352 1771 nihil
394 1696 646 1772 dulcius,
686 1697 820 1756 nihil
849 1678 1071 1756 homine
1110 1698 1285 1756 libero
1317 1698 1564 1775 dignius.-
1637 1698 1728 1758 De
1766 1716 1879 1776 qua
1904 1717 2051 1776 quo-

48 1778 184 1838 niam
205 1781 265 1840 in
288 1779 493 1841 Catone
529 1786 727 1842 πιαίοτε
751 1784 886 1841 satis
911 1772 1088 1845 multa
1114 1781 1350 1843 diximus
1365 1821 1386 1858 ,
1427 1783 1576 1842 illinc
1617 1801 1864 1847 assumes
1897 1802 2045 1862 quae

49 1864 116 1922 ad
138 1864 281 1925 huuc
303 1865 488 1927 locum
508 1869 877 1946 pertinebunt.
2048 1894 2066 1909 ι

43 1974 52 1993 ·
160 1949 360 2013 me
421 1952 561 2019 152.
630 1953 750 2014 Sed
796 1954 869 2014 ab
902 1954 969 2012 iis
1003 1902 1294 2035 partibus,
1340 1973 1497 2033 quae
1543 1960 1677 2013 sunt
1716 1953 2045 2030 honestatis,

46 2038 503 2111 quemadmodum
529 2037 715 2099 officia
736 2040 1100 2115 ducerentur,
1127 2040 1263 2099 satis
1292 2040 1602 2119 expositum
1616 2034 1862 2100 videtur.
1925 2039 2044 2099 Eo-

44 2137 158 2180 rum
183 2129 370 2184 autem
398 2122 674 2202 ipsorum,
717 2142 864 2201 quae
886 2124 1122 2183 honesta
1159 2131 1323 2197 sunt,
1363 2132 1553 2203 potest
1588 2126 1831 2186 incidere
1870 2143 2044 2205 saepe

45 2209 326 2268 contentio.
363 2205 463 2287 [et
491 2206 902 2287 comparatioJ,
957 2208 1044 2268 de
1085 2209 1376 2268 duobus
1418 2211 1755 2270 honestis
1796 2215 2042 2270 utrum

42 2287 454 2354 honestius.
541 2294 655 2363 Qui
691 2293 846 2352 locus
876 2312 911 2353 a
931 2294 1198 2354 Panaetio
1245 2299 1333 2354 est
1366 2296 1825 2374 praetermissus.'
1870 2293 2044 2365 ‚Nam

44 2394 206 2452 quum
252 2378 435 2439 omnis
468 2376 733 2439 honestas
778 2384 969 2440 manet
994 2397 1033 2448 a
1070 2379 1323 2458 partibus
1348 2385 1617 2458 quatuor,
1654 2398 1890 2457 quarum
1932 2397 2045 2440 una

42 2461 109 2519 sit
147 2464 655 2545 cognitionis,
709 2462 884 2531 altera
919 2465 1513 2539 communitatis,
1557 2465 1719 2525 tertia
1754 2483 2044 2543 magna-

42 2546 453 2622 nimitatis,
495 2554 699 2627 quarta
738 2550 1302 2610 moderationis.
1346 2551 1455 2611 hae
1492 2552 1551 2610 in
1577 2550 1875 2667 deligendo
1913 2548 2044 2610 offi·
2144 2612 2151 2615 .

42 2631 120 2692 cio
147 2651 325 2712 saepe
343 2634 492 2695 inter
516 2653 580 2695 se
606 2640 994 2713 comparentur
1010 2653 1245 2695 necesse
1267 2642 1370 2696 est.

160 2720 310 2784 153
365 2717 557 2780 Placet
594 2719 763 2798 igitur
801 2720 1018 2798 aptiora
1057 2739 1183 2780 esse
1219 2727 1456 2780 naturae
1483 2700 1552 2779 ea
1581 2716 1764 2779 officia
1790 2736 1937 2797 quae
1972 2724 2044 2780 et
2112 2798 2121 2803 Π

42 2804 609 2878 communitate,
654 2821 824 2881 quam
864 2810 937 2877 ea
981 2823 1130 2883 quae
1163 2822 1234 2865 ex
1270 2804 1712 2883 cognitione
1752 2804 2043 2867 ducantur
2060 2856 2107 2888 ,α
2236 2846 2253 2855 s
2374 2852 2375 2893 3

42 2885 213 2966 idque
240 2887 349 2949 hoc
370 2894 702 2970 argumento
729 2889 1039 2977 confirmari
1062 2895 1268 2969 potest.
1353 2891 1527 2961 Quod
1565 2889 1613 2947 si
1643 2890 1947 2966 contigerit
1970 2892 2059 2951 ea'

42 2973 149 3033 vita
181 2975 455 3053 saplenti,
495 2979 562 3034 ιιι
591 2971 696 3053 [ἰιι]
736 2968 982 3037 omnium
1017 2992 1201 3037 rerum
1238 2976 1592 3037 affluentibus
1619 2975 1791 3054 copiis
1834 2976 2042 3053 omnia,

42 3075 178 3134 quae
202 3059 524 3139 cognitione
544 3060 718 3138 digna
740 3064 901 3133 sunt,
945 3078 1159 3120 summo
1192 3061 1308 3119 otio
1343 3080 1530 3122 secum
1569 3061 1693 3138 ipse
1726 3061 2041 3122 consideret

42 3149 93 3201 et
113 3143 553 3224 contemplatum
587 3150 805 3217 tamen,
846 3144 1088 3205 solitudo
1116 3146 1163 3204 si
1187 3149 1349 3205 tanta
1370 3146 1445 3205 sit
1464 3151 1528 3204 ut
1550 3144 1827 3206 hominem
1848 3146 2040 3205 videre

42 3246 149 3289 uon
171 3229 389 3308 possit,
431 3230 664 3293 excedat
691 3249 726 3289 e
747 3229 878 3290 vita.
961 3220 1338 3308 Princepsque
1375 3231 1619 3291 omnium
1657 3231 1920 3290 virtutum
1944 3229 2039 3289 illa

42 3308 332 3391 sapientia,
353 3332 522 3390 quam
543 3312 773 3393 σοφίαν
795 3316 998 3376 Graeci
1022 3320 1356 3375 vocant.—
1280 3302 1842 3396 —prudentiam
1869 3316 2037 3388 enim,

42 3415 206 3475 quam
258 3398 463 3459 Graeci
504 3423 591 3483 φρ
595 3394 808 3479 ὄνησιν
845 3400 1071 3476 dicunt,
1126 3398 1296 3462 aliam
1333 3403 1617 3480 quandam
1655 3399 2038 3476 intelligimus,

42 3501 182 3559 luae
206 3486 300 3541 est
312 3500 502 3543 rerum
509 3485 915 3564 expetendarum
925 3484 1673 3566 fugimdammqucscientim
1728 3483 1829 3544 llla
1851 3492 2036 3544 autem

42 3567 455 3685 sapientia,
503 3590 674 3651 quam
700 3572 1012 3679 principem
1034 3571 1181 3648 dixi,
1224 3590 1397 3634 remm
1423 3578 1511 3634 est
1533 3571 1844 3632 divmarum
1872 3576 2036 3650 atque
