2417 3967
41 136 42 147 1

40 186 42 195 4

41 200 44 213 ΐ

247 273 384 339 1⁶58
544 273 921 339 nxcvnsvs
962 273 1005 329 1.
1046 273 1164 335 ΑΒ.
1191 273 1251 329 o.
1271 272 1325 333 s.
1370 274 1420 341 s.
1452 272 1505 330 s.
1546 272 1645 330 Εἰ·
1689 274 1748 330 c.
1766 274 1855 330 12.
1898 274 1947 343 s.
1969 269 2022 330 5.

411 420 547 475 nime
575 421 754 474 eadem
771 421 1000 474 *fortuna
1022 437 1146 476 usus
1177 426 1260 475 est
1288 420 1341 473 in
1369 419 1714 490 deprimendis
1754 419 1970 473 internis
1984 457 2002 483 ,
2051 419 2140 488 qui
2165 421 2297 490 puta·

414 492 621 554 bantur,
659 490 886 551 civitatis
911 490 1143 544 hostibus
1172 490 1228 541 et
1252 490 1490 557 publicae
1517 489 1699 541 salutis
1727 489 2060 541 adversariis.
2130 491 2299 541 Versa-

412 560 569 612 batur
593 565 763 610 autem
787 559 951 610 adhuc
988 559 1042 610 in
1065 559 1344 626 Hispania,
1396 558 1677 610 Numantia
1716 558 1817 609 iam
1852 559 1942 625 (a.
1978 559 2043 608 V.
2075 557 2135 608 C.
2163 555 2298 624 621.)

413 629 680 680 destructa
720 634 833 679 cum
882 627 1125 695 Scipione
1164 627 1364 680 Nasica
1404 627 1536 678 duce
1582 626 1886 695 Senatuque
1940 627 2135 678 factum
2187 643 2300 678 com-

411 698 668 766 probante
711 695 926 765 primum
968 696 1023 748 in
1066 697 1210 749 cives
1252 714 1285 747 a
1324 695 1524 747 civibus
1578 695 1802 747 fustibus
1843 712 1908 747 ae
1951 695 2201 762 sanguine
2238 698 2302 747 est

412 766 692 828 saevitum,
730 781 945 833 cumque
970 764 1216 818 Tiberius
1235 764 1511 815 Gracchus
1537 780 1650 816 cum
1675 763 1941 825 trecentis,
1954 764 2250 826 amicorum,
2277 777 2304 814 a

409 835 619 906 populo,
656 834 743 885 vel
769 833 1043 886 insolentia
1082 834 1210 885 facti
1252 834 1611 902 obstupefacto
1628 871 1643 897 ,
1681 833 1768 884 vel
1796 833 1934 902 quod
1961 833 2066 885 iam
2101 839 2206 885 tum
2228 830 2303 884 tili

408 921 513 957 non
556 903 771 972 amplius
817 906 960 966 esset
996 902 1180 969 dignus
1222 902 1527 965 defensore,
1577 901 1855 953 derelictus
1869 939 1884 964 ‚
1936 901 2143 953 nefaria
2189 899 2303 970 opti·

278 992 326 1044 Ρ.
342 978 391 1031 6.
408 980 597 1055 matum
627 972 682 1024 vi
713 989 743 1022 e
771 971 938 1023 medio
981 978 1062 1022 est
1090 971 1321 1038 sublatus
1349 972 1437 1038 y).
1508 971 1748 1022 Attamen
1776 970 1980 1022 sublato
2012 976 2223 1022 auctore
2243 969 2304 1021 le-

410 1060 491 1110 gis
523 1040 789 1107 agrariae,
838 1041 1059 1091 nondum
1088 1039 1206 1109 ipsa
1230 1040 1321 1092 lex'
1338 1040 1539 1091 sublata
1568 1045 1698 1090 erat.
1770 1039 1860 1090 Lis
1897 1040 1998 1090 sub
2024 1039 2195 1091 iudice
2217 1055 2305 1091 ma-

409 1111 584 1172 nebat,
621 1108 709 1161 vel
735 1108 905 1176 potius
930 1108 1093 1176 magis
1122 1126 1282 1176 quam,
1298 1125 1535 1178 umquam
1559 1114 1679 1159 ante
1702 1107 1922 1159 iudicem
1947 1108 2278 1161 desiderabat.

548 1179 604 1231 Is
632 1194 759 1230 vero
792 1176 987 1229 Romae
1026 1184 1133 1229 tum
1167 1178 1371 1243 quidem
1418 1192 1519 1229 non
1549 1182 1630 1227 est
1669 1176 1948 1238 inventus3
2001 1194 2174 1244 neque
2197 1175 2304 1228 enim

409 1245 548 1299 ullus
581 1245 969 1314 reperiebatur,
1008 1245 1097 1314 qui
1124 1246 1190 1297 ad
1216 1251 1391 1298 tantas
1413 1246 1594 1299 turbas
1628 1246 2005 1313 componendas
2030 1245 2119 1298 vel
2143 1246 2306 1297 idonea

411 1315 728 1368 auctoritate
753 1313 999 1383 polleret,
1052 1314 1138 1367 vel
1167 1314 1232 1366 iis
1257 1314 1539 1368 virtutibus
1566 1319 1776 1366 ornatus
1803 1319 1945 1365 esset
1958 1352 1976 1377 ,
2023 1319 2086 1366 ut
2116 1328 2305 1382 sperare

409 1388 624 1454 possent
651 1383 794 1435 cives
806 1382 1040 1446 Romani,
1078 1385 1213 1448 fore,
1235 1391 1297 1438 ut
1322 1383 1510 1454 cuique
1533 1382 1675 1453 parti
1699 1399 1845 1438 suum
1871 1398 1957 1448 ea,
1981 1399 2090 1454 qua
2114 1399 2211 1456 pat
2235 1397 2304 1436 es·

363 1513 367 1517 ⁴
410 1458 525 1519 set,
563 1451 825 1523 aequitate
854 1451 1126 1507 tribueret.
1222 1486 1229 1493 -

1280 1579 1332 1644 S.
1403 1577 1454 1633 8.

546 1656 609 1717 In
636 1661 882 1733 Scipione
912 1663 1195 1718 Aemiliano
1219 1681 1347 1717 vere
1361 1702 1377 1728 ‚
1428 1662 1518 1735 qui
1543 1666 1650 1716 tum
1685 1662 1741 1716 in
1765 1681 1827 1717 eo
1860 1665 2005 1726 erat,
2042 1664 2105 1714 ut
2134 1678 2196 1720 ex
2220 1658 2303 1712 ni-

407 1734 593 1806 spania
619 1733 831 1785 Romam
867 1738 1221 1785 reverteretur
1257 1735 1344 1801 (a.
1374 1734 1439 1786 V.
1475 1734 1537 1785 C.
1566 1735 1685 1788 623.
1702 1732 1760 1801 ),
1792 1750 1999 1799 omnes,
2038 1732 2105 1793 de
2142 1729 2302 1799 quibus

408 1803 652 1859 monitum
679 1808 761 1854 est
774 1839 790 1866 ,
835 1801 1057 1854 virtutes
1094 1803 1308 1884 egregia
1354 1801 1709 1857 coniunctione
1755 1800 2036 1855 convenire
2064 1798 2301 1871 eristius·

365 1878 378 1891 ‘
407 1872 629 1925 bantur:
684 1874 738 1922 et
776 1885 900 1923 sane
929 1869 974 1922 is
1005 1875 1146 1935 erat,
1204 1889 1260 1923 ιιι
1302 1889 1451 1940 quem
1481 1888 1633 1922 unum
1672 1875 1727 1922 et
1769 1870 1823 1921 in
1868 1870 2015 1921 cuius
2048 1883 2225 1921 nomen
2254 1881 2302 1923 98

407 1947 521 1993 tota
543 1943 873 1991 converteret
900 1939 1104 2004 civitae,
1143 1958 1301 2009 quem¹
1321 1939 1561 2003 Senatus),
1600 1957 1749 2008 quem
1785 1939 1933 2001 socii,
1973 1954 2125 2007 quem
2152 1931 2301 1987 Latini

406 2007 755 2090 intuerentur,
774 2004 845 2088 ‘in
880 2025 988 2128 fluo
1014 2026 1115 2060 uno
1154 2009 1385 2090 civitatis
1410 2009 1548 2060 salus
1588 2007 1703 2090 niti·
1725 2012 2005 2089 putaretur
2015 2005 2118 2087 6)
2180 2001 2299 2055 Hinc

407 2081 562 2133 etiam
589 2075 746 2127 facile
771 2081 879 2127 inte
917 2095 992 2144 lgr
1022 2081 1225 2146 potest,
1269 2083 1540 2146 utriusque
1566 2083 1732 2146 partis
1763 2075 1989 2129 studium
2013 2092 2071 2126 m
2095 2091 2155 2125 eo
2179 2086 2297 2141 pom·

331 2185 336 2189 ·
404 2150 514 2198 tum
538 2143 727 2208 fuisse,
780 2149 839 2197 ut
862 2145 1017 2198 talem
1048 2147 1217 2199 virum
1242 2147 1311 2200 ad
1335 2163 1456 2202 suas
1481 2152 1659 2217 partes
1687 2146 1922 2217 traheret
1948 2149 2110 2213 atque
2136 2154 2298 2194 causae
2372 2162 2373 2165 ¹

405 2229 534 2269 suae
596 2216 825 2266 ati-onum
853 2215 1114 2269 redderet.
1622 2248 1627 2251 Δ

593 2288 617 2334 t
642 2283 859 2351 populus
901 2284 1106 2352 quidem
1129 2284 1419 2348 Romanus,
1471 2282 1559 2353 qui
1581 2277 1730 2335 tanta
1758 2278 2058 2351 Scipionem
2095 2280 2295 2334 benevo-

406 2351 567 2406 lentia
598 2351 888 2420 complexus
920 2353 1121 2418 fuerat,
1156 2357 1245 2416 ut,
1284 2352 1489 2404 tametsi
1520 2369 1685 2421 neque
1700 2352 1856 2403 =aetas
1885 2350 2024 2402 illius
2050 2364 2209 2417 neque
2233 2344 2296 2394 le-

406 2438 501 2491 ges
547 2425 874 2490 paterentur,
920 2420 1240 2472 nihilominus
1280 2421 1555 2473 Consulem
1592 2420 1856 2488 suffragiis
1900 2418 2008 2470 suis
2057 2417 2297 2469 declarare

407 2490 544 2555 omni
569 2487 740 2543 studio
767 2489 1102 2544 contenderet
1125 2491 1235 2560 7),
1254 2507 1358 2544 non
1389 2495 1586 2545 temere
1610 2495 1823 2561 sperare
1848 2486 2039 2560 potuit,
2077 2488 2202 2548 fore,
2228 2485 2294 2541 ut»

376 2697 446 2760 γ)
492 2696 677 2747 *Ῑωιιιο
706 2670 762 2747 Α.
793 2693 1118 2764 v.'1>cxx.,
1167 2694 1381 2749 nondum
1419 2698 1585 2763 demta
1619 2698 1898 2749 Numantia.
1967 2694 2027 2747 v.
2060 2699 2198 2745 rm.
2222 2686 2292 2747 28.

241 2766 360 2821 107.
395 2769 433 2816 I.
462 2773 540 2825 off.
573 2765 660 2826 22,
688 2765 774 2818 76.
804 2772 926 2817 extr.
956 2778 1062 2818 eum
1083 2772 1413 2819 annotatione.

275 2896 281 2903 ‚
311 2857 326 2867 „
377 2836 448 2897 6)
486 2841 639 2884 somn.
671 2841 793 2898 scip.
834 2853 875 2892 c.
900 2836 951 2889 ἒ.
1022 2837 1161 2886 Diod.
1193 2840 1296 2889 δίο.
1338 2835 1588 2903 Excerpta
1624 2838 1762 2888 Tem.
1787 2837 1846 2885 11.
1892 2849 2005 2899 pag.
2035 2830 2155 2885 586.
2196 2826 2292 2877 effit-

240 2905 444 2957 Wessel.
516 2902 578 2967 [⁴
597 2904 872 2967 Scipionem*
900 2906 959 2953 de
977 2906 1284 2955 Numantinis
1315 2905 1502 2956 Romae
1528 2910 1621 2956 iam
1648 2906 1702 2954 A.
1731 2906 1788 2954 V.
1819 2903 1937 2957 621.
1974 2918 2037 2952 m.
2066 2894 2290 2951 Decembri

236 2973 556 3037 triumphasse
598 2974 912 3034 probabiliter
951 2973 1147 3023 disserit
1183 2973 1354 3037 Pigb.
1403 2977 1453 3024 in
1494 2979 1662 3024 annal.
1705 2977 1740 3022 t.
1766 2975 1846 3022 111.
1891 2989 1936 3036 Ρ.
1965 2971 2048 3022 12.
2075 2986 2113 3018 s.
2151 2972 2197 3017 et
2225 2960 2288 3014 15-

157 3040 168 3043 ἢ
235 3043 511 3103 Posteaque
550 3042 744 3093 tertiam
770 3042 1061 3104 legationem
1104 3044 1294 3092 obierat
1321 3059 1426 3094 cum
1444 3046 1545 3108 ,8Ρ.
1571 3044 1794 3093 Mummio
1827 3056 1954 3097 anuo
1980 3044 2097 3089 ante
2122 3038 2288 3088 obitum·

147 3148 148 3151 η
237 3111 298 3160 V.
333 3109 668 3160 Reiskium
704 3116 768 3158 aa
808 3121 1026 3163 auctores
1064 3130 1268 3173 graecos
1304 3118 1341 3161 t.
1368 3114 1425 3161 11.
1460 3128 1508 3176 p.
1536 3106 1658 3163 477.
1704 3116 1755 3160 et
1802 3113 1922 3174 Aug.
1949 3110 2067 3158 Maii
2106 3107 2166 3156 ad
2205 3103 2291 3182 (ξῦ-

239 3185 276 3229 1.
301 3185 391 3231 ΙΙΙ.
439 3185 499 3228 de
524 3195 579 3227 re
605 3183 801 3238 publica
831 3195 872 3227 c.
902 3177 988 3230 35.
1034 3186 1199 3230 annot.
1225 3183 1435 3246 paenult.
1506 3182 1850 3230 contentiones
1887 3183 2051 3237 autem
2090 3181 2291 3238 agrati&

236 3263 328 3314 per
363 3251 517 3299 totum
552 3246 669 3295 illud
704 3251 889 3310 tempus
929 3250 1257 3301 trahebantur.
1326 3250 1387 3300 V.
1434 3250 1626 3299 Henr.
1673 3249 1891 3298 Caroli
1935 3245 2173 3297 Reirfii
2211 3245 2292 3287 Go-

235 3324 448 3370 cohichte
494 3324 581 3367 der
615 3320 751 3364 Rom.
774 3322 1135 3379 Bargerkriege
1163 3337 1269 3368 vom
1310 3324 1540 3381 Anjange
1581 3316 1670 3368 der
1699 3321 2050 3368 Graecumue„
2088 3314 2290 3363 varum

239 3391 335 3437 etc.
365 3388 461 3437 vol.
489 3388 526 3435 I.
564 3385 761 3446 (Berol.
791 3390 841 3433 et
869 3387 1070 3435 Stettini
1090 3402 1170 3448 ap.
1194 3389 1357 3436 Nieoi.
1385 3385 1574 3448 1825.)
1617 3390 1868 3439 comment.
1897 3385 1950 3437 2.
1978 3402 2028 3454 Ρ.
2060 3381 2139 3437 17.
2163 3370 2285 3438 σοι’]

1944 3526 1953 3533 e

375 3455 451 3517 7)
483 3453 625 3543 Diod.
647 3453 746 3503 Sic.
778 3453 894 3504 ibid.
921 3468 1033 3519 pag.
1057 3452 1177 3508 591.
1216 3482 1221 3486 -
1246 3454 1381 3521 Epic.
1405 3453 1515 3510 Liv.
1536 3454 1623 3510 59.
1673 3449 1838 3521 [⁹56.
1857 3454 1916 3520 *J

1732 3710 1765 3723 ⁸·-
