2417 3967
1722 124 1771 169 Χ

250 220 255 231 ’
309 265 396 328 τε
726 250 1420 325 οιοΕιισΝιὸιιΕ
1458 261 1890 361 ormcns

304 416 517 492 soleat,
557 416 867 478 inveniatur
890 436 1005 478 non
1031 437 1156 479 esse
1145 388 1368 498 turpe.
1450 417 1712 498 Exempli
1744 420 2176 497 cansa-ponatur
2209 415 2312 477 ali·

305 504 460 581 quid,
504 505 660 580 quod
690 509 885 583 pateat
909 503 1089 563 latius.
1147 504 1320 573 Quod
1344 508 1533 582 potest
1557 505 1734 564 maius
1758 520 1888 564 esse
1919 500 2122 575 scelus,
2148 519 2315 579 quam

302 594 421 650 no‘n
459 589 630 648 modo
661 588 950 648 hominem
993 590 1092 659 sed
1120 589 1292 649 etiam
1334 588 1659 649 familiarem
1698 589 1978 649 hominem
2018 584 2315 647 neddere}

305 674 460 737 Num
484 674 654 750 igitur
684 692 747 733 se
769 674 1063 733 adstrinxit
1088 673 1329 747 scelere,
1370 675 1419 732 si
1446 674 1543 751 qui
1566 681 1866 752 tyrannum
1890 673 2099 732 occidit
2126 692 2317 751 quan-
2400 708 2403 713 >

199 783 210 793 ·
304 756 387 820 vis
432 757 797 819 familiarem?
839 759 1054 838 Populo
1094 759 1321 835 quidem
1359 760 1617 823 Romano
1658 778 1775 819 non
1802 759 2066 831 videtur,
2116 759 2218 836 qui
2257 774 2318 816 ex

287 845 578 907 omnibus,
599 844 893 923 praeclaris
942 845 1101 903 factis
1138 843 1278 903 illud
1315 845 1737 923 pulcherrimum
1780 843 2083 905 existimat.
2182 842 2319 902 Vicit

275 928 294 945 ‘
307 930 444 1007 erg'o
473 929 681 991 utilitas
707 929 1058 991 honestatem
1074 927 1106 988 ἵ
1139 929 1321 990 Immo
1350 949 1483 990 vero
1508 929 1859 1015 honestatem
1892 929 2112 989 utilitas
2138 946 2317 989 eonse-

224 1020 567 1094 ‚cutsest

438 1100 665 1183 ltaque,
705 1105 768 1160 ιιι
805 1101 925 1162 sine
964 1072 1079 1162 ullo
1103 1122 1292 1165 errore
1316 1101 1616 1163 diiudicare
1652 1101 1964 1180 possimus,
2007 1099 2060 1159 ὅί
2105 1098 2320 1183 qnando

307 1205 436 1249 cum
460 1186 590 1258 illo,
636 1187 789 1262 quod
814 1185 1199 1249 honestum
1241 1187 1615 1266 intelligimus,
1659 1205 1911 1265 pugnare
1939 1187 2004 1244 id
2031 1186 2321 1258 videbitur,

309 1272 468 1351 quod
504 1270 847 1370 appellamus
886 1271 1103 1350 utile,
1155 1273 1398 1357 formula
1450 1272 1726 1350 quaedam
1766 1272 2178 1339 constituenda
2222 1277 2320 1330 oet·

310 1376 478 1436 quam
519 1357 567 1414 si
605 1374 901 1434 sequemur
931 1358 991 1417 in
1027 1360 1443 1439 comparatione
1470 1376 1686 1431 rerum,
1728 1357 1800 1416 ab
1821 1356 2013 1417 officio
2040 1373 2322 1454 nunquan

311 1442 652 1504 recedemus.
747 1444 852 1507 20.
910 1442 1035 1505 Erit
1070 1453 1257 1504 autem
1301 1444 1443 1505 haec
1488 1440 1725 1502 formula
1766 1441 2091 1501 Stoicorum
2134 1440 2323 1502 rafioni

314 1526 747 1605 disciplinaeque
765 1529 1002 1589 maxime
1026 1535 1430 1590 consentanea.
1462 1545 1632 1607 quam
1659 1528 1885 1605 quidem
1906 1526 1998 1585 his
2022 1525 2184 1588 libris
2205 1545 2324 1607 pro-

312 1618 509 1693 pterea
545 1614 865 1690 sequimur,
905 1614 1093 1690 quod,
1136 1633 1456 1693 quanquam
1496 1609 1599 1692 [et]
1640 1630 1679 1671 a
1714 1612 1997 1673 veteribus
2032 1609 2323 1673 Academi-

315 1699 392 1757 cis
425 1704 486 1761 et
513 1715 549 1756 a
578 1697 960 1775 Peripateticis
989 1702 1216 1783 vestris,
1259 1700 1356 1777 qni
1383 1699 1669 1797 quondam
1694 1697 1871 1758 iidem
1895 1703 2065 1757 erant
2082 1739 2103 1772 ,
2151 1714 2322 1776 qnae
2402 1754 2403 1759 ,

314 1782 639 1842 honesta
680 1789 884 1858 sunt,
925 1790 1514 1864 anteponuntur
1526 1784 1680 1856 iis,
1737 1801 1921 1860 quae
1974 1783 2323 1844 videntur

215 1948 222 1953 .
316 1868 583 1941 nti11a3
639 1873 829 1927 tamen
879 1868 1223 1947 splendidius
1258 1869 1396 1929 haec
1433 1869 1505 1926 ab
1543 1868 1625 1929 eis
1668 1868 2046 1944 disseruntur,
2119 1868 2322 1946 quibes,

318 1953 675 2032 quidquid
714 1952 1097 2016 honestum
1136 1961 1288 2029 est,
1347 1953 1540 2012 idem
1577 1952 1767 2013 utile
1803 1954 2154 2029 videtur,
2207 1970 2324 2013 nec

319 2037 510 2097 utile
552 2038 988 2115 quidquam,
1045 2040 1244 2118 quod
1284 2057 1428 2098 non
1469 2038 1882 2114 honestum,
1940 2039 2322 2115 qnamabiis,

321 2123 521 2200 quibus
549 2129 650 2182 aut
680 2122 976 2185 honestum
999 2124 1208 2203 aliquid
1247 2143 1363 2184 non
1389 2122 1555 2199 utile,
1594 2130 1698 2183 aut
1721 2123 1855 2183 utile
1879 2141 2000 2181 non
2021 2123 2322 2185 honestum·

322 2207 507 2269 Nobis
534 2200 720 2268 autem
746 2214 937 2268 nostra
961 2209 1263 2271 Academia
1287 2227 1547 2285 magnam
1576 2208 1859 2269 licentiam
1884 2210 2009 2281 dat,
2036 2214 2122 2283 ut,
2156 2207 2323 2287 qnod-

323 2312 543 2370 cunque
573 2291 810 2354 maxime
834 2296 1125 2372 probabile
1159 2300 1440 2370 occurrat,
1458 2293 1543 2353 id
1563 2300 1761 2354 nostro
1797 2294 1935 2355 iure
1927 2291 2121 2354 liceat
2142 2294 2323 2355 defen-
2398 2348 2399 2357 ,

325 2379 489 2438 dere.
565 2378 685 2438 Sed
706 2379 878 2439 redeo
903 2381 980 2439 ad
1003 2381 1312 2441 formulam.
1386 2398 1395 2405 “

454 2461 524 2523 V.
566 2466 669 2528 21.
709 2463 1028 2525 Detrahere
1059 2466 1227 2545 igitur
1253 2465 1416 2526 alteri
1447 2460 1655 2543 aliquid
1696 2470 1756 2524 et
1784 2462 2069 2524 hominem
2099 2462 2321 2524 hominis

326 2548 676 2608 incommodo
709 2567 869 2608 suum
911 2569 1120 2628 augere
1159 2552 1507 2612 commodum
1543 2549 1723 2626 magis
1757 2556 1846 2609 est
1897 2553 2165 2610 contra
2210 2568 2320 2611 na·
2396 2558 2397 2563 ’

329 2642 595 2713 turam,
637 2652 804 2711 quam
826 2653 1009 2710 mors,
1052 2654 1221 2713 quam
1241 2643 1575 2716 paupertas,
1616 2654 1787 2712 quam
1815 2634 2010 2708 dolor,
2032 2653 2219 2711 quam
2242 2652 2319 2697 εο-

329 2726 453 2778 tera
478 2736 623 2820 quae
639 2726 877 2796 possunt
903 2726 1003 2780 aut
1024 2721 1245 2801 corpori
1271 2722 1519 2785 accidere
1547 2726 1648 2780 aut
1679 2721 1845 2788 rebus
1872 2722 2137 2781 externis.
2186 2719 2316 2782 Nm

329 2803 602 2885 principio
634 2804 776 2864 tollit
803 2806 1111 2865 convictum
1142 2804 1441 2877 humanum
1466 2811 1528 2866 et
1560 2806 1901 2866 societatem.
1983 2806 2053 2865 Si
2078 2807 2225 2866 enim
2252 2805 2317 2865 sic

332 2889 533 2948 erimus
572 2887 788 2964 affecti,
830 2895 895 2948 ut
922 2897 1155 2971 propter
1191 2911 1353 2951 suum
1390 2891 1628 2968 quisque
1666 2890 2099 2971 emolamentum
2138 2890 2318 2972 spoliet

331 2979 433 3032 aut
462 2973 630 3035 violet
659 2972 916 3035 alterum.
960 2974 1226 3055 disrumpi
1257 2995 1493 3037 necesse
1488 2981 1596 3036 est
1623 2995 1778 3051 eam,
1820 2994 1967 3054 quae
1989 2977 2222 3038 maxime
2244 2981 2317 3037 est

287 3056 298 3069 “
334 3059 635 3117 secundum
677 3065 964 3135 naturam,
1018 3061 1248 3121 hnmani
1284 3061 1525 3139 generis
1541 3063 1883 3122 societatem.
1963 3067 2074 3128 22.
2124 3063 2231 3137 Ut,
2276 3060 2317 3118 si

334 3161 506 3203 unum
536 3144 800 3221 quodque
820 3145 1122 3206 membrum
1154 3165 1377 3207 sensum
1404 3145 1549 3205 hunc
1584 3146 1845 3220 haberet,
1883 3152 1949 3205 nt
1969 3166 2141 3226 posse
2173 3155 2316 3228 puu-

337 3234 427 3290 ret
462 3247 524 3290 se
552 3229 766 3302 valere,
810 3232 858 3288 si
883 3231 1120 3309 proximi
1144 3231 1380 3304 membri
1405 3230 1760 3292 valitudinem
1785 3232 1861 3291 ad
1891 3246 1954 3291 se
1980 3233 2314 3305 traduuisset,

337 3313 616 3375 debilitari
652 3318 710 3374 et
749 3314 977 3376 interire
1013 3321 1192 3383 totum
1224 3334 1423 3396 corpus
1458 3335 1685 3378 necesse
1708 3321 1883 3377 esset:
1926 3318 2061 3394 sic,·
2086 3319 2135 3376 si
2168 3336 2317 3377 unus·

337 3401 572 3477 quisque
623 3404 868 3459 nostrum
906 3400 1089 3479 rapiat
1122 3402 1195 3460 ad
1239 3420 1303 3461 se
1335 3403 1627 3462 commoda
1672 3402 1904 3461 aliorum
1947 3403 2315 3480 detrahatque,

338 3485 497 3561 quod
532 3483 726 3561 cuique
757 3484 933 3562 possit
949 3526 968 3558 ,
1012 3483 1366 3546 emolumenti
1403 3488 1487 3545 sui
1529 3487 1746 3565 gratia,
1785 3488 2022 3548 societas
2058 3487 2313 3548 hom’nm

343 3576 401 3628 et
428 3568 791 3629 communitas
829 3573 1109 3631 evertatur
1143 3588 1373 3634 necesse
1412 3578 1517 3632 est.
1597 3572 1779 3654 Nam,
1820 3574 1947 3634 sibi
1998 3579 2066 3636 nt
2106 3566 2315 3654 qnisq'oe

2400 1664 2403 1687 ι
2394 1462 2403 1579 ᾼ-ι
2390 1292 2404 1403 ,ιᾼ
2388 1130 2403 1217 μζ

2393 2898 2396 3041 1
