2417 3967
555 210 696 307 'nu
737 249 1161 307 ΑΜιοιΤιΔ
1205 250 1266 306 ο.
1307 246 1394 306 25.
1439 253 1488 318 s.
1527 248 1614 306 oc.
1914 290 1927 303 .
2007 222 2173 311 lffi'

94 405 176 462 11
202 407 488 461 mortalium
529 406 682 462 nobis
725 404 1120 462 defendentibus
1172 404 1328 465 facile
1371 408 1626 462 vincebat.
1706 400 1901 478 'Atque
1945 403 2002 461 id

53 657 138 709 ed.
169 659 255 707 alt.
285 674 330 721 p.
364 653 485 709 440.
507 662 670 708 annot.
698 654 818 710 927.
846 664 995 720 extr„
1032 659 1164 709 cuius
1190 659 1320 708 inter
1342 671 1523 722 paucos
1547 659 1963 720 praestantissumi
1990 659 2142 710 inter-

51 728 219 792 pretis
240 729 462 777 iudicium
489 730 681 787 forense
708 729 1054 779 ammirabundi
1082 729 1361 792 suspicimus
1392 729 1580 791 riteque
1607 740 1841 785 veremur.

204 834 333 878 nobis
353 828 747 896 defendentibus]
786 826 884 880 Hic
908 823 1230 881 ammonemur
1254 838 1431 890 eorum,
1466 843 1592 892 quae
1622 829 1768 881 Cotta
1790 831 1910 880 dicit
1933 845 2010 895 ap.
2040 832 2142 882 Cic.

55 903 123 948 Ν.
158 903 224 946 D.
254 900 334 948 ΠΙ.
365 899 446 959 17,
471 896 554 955 43.
585 905 751 950 docebo
774 905 977 950 meliora
1012 918 1087 949 mo
1113 905 1344 951 aratos-ne
1370 896 1429 948 de
1457 903 1669 953 colendis
1696 905 2144 953 atrimmmamu·

54 972 174 1016 iure·
197 974 442 1029 pontificio
467 981 516 1018 et
553 987 682 1018 more
716 962 950 1019 maiorum
985 975 1361 1033 capedunculis,
1407 986 1525 1030 quas
1554 972 1716 1021 Numa
1755 975 1889 1023 ‘nobis
1929 975 2144 1033 reliquit,

57 1040 122 1085 de
149 1041 320 1096 quibus
345 1043 400 1086 in
425 1043 522 1086 illa
548 1042 748 1088 aureola
787 1044 1096 1091 oratiuncula
1126 1042 1249 1088 dicit
1273 1043 1504 1100 Laeliae,
1555 1055 1695 1099 qaam
1721 1044 1991 1089 rationibus
2017 1044 2145 1088 Stoi-

58 1122 258 1153 corum.-
295 1108 377 1154 ubi
403 1108 664 1159 Moserus·
701 1105 949 1168 „Difficile
980 1113 1055 1157 est
1072 1109 1242 1171 dictu,
1276 1108 1390 1170 quid
1418 1122 1447 1157 e
1476 1106 1812 1170 capedunculis
1840 1109 2028 1158 discere
2052 1123 2143 1194 po·-

57 1175 213 1223 tuerit
239 1174 403 1224 Cotta.
440 1199 507 1213 —
541 1142 854 1226 Scribendum
892 1193 1007 1226 vero
1035 1178 1245 1227 videtur
1263 1194 1321 1225 ac
1355 1182 1456 1225 vel
1486 1185 1651 1237 capsa.
1683 1180 1760 1227 vel
1797 1182 1964 1240 caped.
1999 1178 2144 1226 etiam

59 1246 126 1291 iis
159 1244 237 1292 vel
272 1249 368 1294 imo
397 1251 562 1306 capeti.
587 1250 666 1293 iis.
668 1247 699 1271 “
768 1245 1001 1295 Fortasse
1023 1247 1278 1309 legendum
1301 1249 1645 1307 capedunculis
1679 1251 1812 1303 his,
1856 1246 2146 1309 gradatione

60 1315 228 1360 autem
268 1314 385 1374 quid
416 1314 569 1376 opus?
637 1315 863 1363 Ceterum
889 1316 1099 1365 mirabar
1140 1315 1359 1377 equidem
1384 1316 1527 1363 istam
1553 1315 1614 1364 de
1642 1283 1924 1365 difficultate
1951 1317 2145 1364 intelle-
2182 1368 2191 1375 Ι

60 1380 210 1442 gendi
233 1383 586 1433 confessionem
615 1384 677 1431 ab
705 1384 895 1433 homine
940 1384 1082 1433 docto
1107 1391 1275 1445 eoque*
1293 1383 1593 1433 emendatam
1622 1385 1869 1447 religionis
1895 1385 2147 1433 formulam

62 1451 304 1511 amplexo.
371 1450 447 1500 Eo
477 1452 643 1512 magis.
664 1453 821 1500 laetor
840 1452 1080 1501 Moserum
1101 1457 1274 1514 postea
1305 1465 1471 1499 verum
1494 1456 1801 1515 perspexisse
1832 1455 1880 1501 iu
1906 1467 2146 1501 commen-

61 1524 161 1566 tar.
204 1519 273 1567 ad
320 1520 421 1567 Cic.
447 1521 481 1566 1.
506 1520 586 1568 VI.
615 1525 675 1569 de
706 1539 760 1570 re
787 1538 839 1582 p.
871 1536 915 1569 c.
943 1519 993 1569 2.
1025 1521 1074 1569 in
1102 1521 1274 1582 fragm.
1317 1520 1482 1568 ultimo
1529 1525 1724 1570 servato
1765 1536 1798 1568 a
1835 1521 1997 1569 Nonio
2035 1536 2143 1570 voc.

64 1592 281 1636 Samium
306 1602 353 1650 Ρ.
379 1585 497 1639 398.
534 1591 699 1653 Oratio
730 1598 862 1639 mat
873 1593 1036 1650 Laeli,
1069 1606 1212 1648 quam
1235 1604 1395 1635 omnes
1414 1594 1639 1637 habemus
1664 1595 1719 1637 in
1746 1594 1984 1649 manibus,
2001 1606 2146 1649 qnam

62 1661 311 1718 simpuvia
345 1655 447 1717 (al.
474 1659 746 1719 sympinia)
779 1662 1062 1720 pontificum
1086 1662 1163 1705 dis
1186 1662 1533 1706 immortalibus
1557 1667 1707 1719 grata
1724 1658 1822 1705 sirit
1850 1662 2146 1719 Samiaeque,

62 1736 120 1773 at
149 1731 196 1774 is
226 1730 414 1787 scribit,
449 1732 831 1787 capedinem
866 1728 938 1774 ad
961 1726 1088 1788 quod
1112 1726 1284 1788 fragm.
1312 1727 1416 1787 ipse
1442 1726 1660 1776 Moserus
1688 1741 1733 1788 Ρ.
1761 1722 1880 1778 460.
1906 1727 2143 1797 interpre-

64 1798 162 1843 tem
196 1794 418 1843 adhibuit
423 1794 565 1842 Plin.
596 1800 658 1843 H.
688 1801 752 1844 N.
777 1795 976 1847 XXXV.
1005 1794 1087 1846 12.
1126 1794 1274 1855 (sect.
1307 1793 1504 1858 XLVI.)
1544 1811 1590 1860 Ρ.
1621 1794 1740 1845 711.
1767 1794 1929 1843 Hard.
1963 1795 2026 1856 (t.
2058 1793 2143 1845 IX.

68 1864 144 1912 ed.
165 1863 349 1911 Franz.
376 1879 422 1925 Ρ.
445 1859 593 1924 548.)
637 1870 692 1913 in
720 1870 873 1913 sacris
898 1868 1044 1913 etiam
1070 1869 1199 1915 inter
1225 1869 1314 1912 has
1345 1882 1456 1927 opes
1482 1881 1579 1914 non
1611 1869 1873 1914 marr-binis
1897 1867 2146 1925 crystalli-

66 1938 265 2001 nisque,
303 1937 389 1981 sed
429 1937 663 1990 fictilibus
696 1938 969 1996 prolibatur
1003 1939 1267 1996 simpuviis
1294 1930 1394 1995 (an
1423 1939 1710 1996 sympiniic‘?
1758 1949 1805 1985 v..
1836 1932 2049 1982 Cramer.
2081 1930 2146 1981 ad

67 1993 218 2051 schol.
235 1969 451 2050 fuvenal.
465 2006 518 2050 in
537 2012 629 2050 sat.
641 2002 721 2052 VI.
735 1997 854 2054 343.
867 2000 909 2065 ).
946 2003 1152 2051 Praeter
1182 2018 1284 2060 eos,
1319 2019 1437 2065 quos
1464 2005 1531 2052 ibi
1562 2005 1682 2053 citat
1712 2003 2004 2061 Harduinus,
2039 2000 2147 2050 Mo-

69 2085 206 2119 serus
235 2084 344 2118 cum
370 2069 595 2120 Schiitzio
622 2073 671 2120 in
698 2071 773 2121 ed.
796 2070 951 2134 fragg.
967 2073 1077 2120 Cic.
1102 2087 1149 2134 Ρ.
1164 2070 1285 2123 287.
1317 2072 1490 2149 (immo
1511 2088 1560 2136 p.
1571 2071 1690 2123 283.
1719 2071 1775 2119 Ρ.
1790 2072 1848 2119 Π.
1873 2071 1980 2120 Vol.
1988 2069 2153 2132 XVI.)

68 2142 324 2203 comparat
347 2139 448 2187 Cic.
471 2145 648 2202 parad.
675 2141 714 2189 Ι.
746 2139 823 2199 3.
861 2154 1001 2205 quem
1020 2141 1177 2189 locum
1212 2141 1436 2188 Creuzer.
1462 2125 1584 2188 a‘dl.
1612 2142 1644 2188 l.
1675 2147 1737 2190 de
1768 2144 1833 2188 N.
1857 2144 1918 2188 D
1950 2155 1996 2202 p.
2023 2136 2146 2191 560.

69 2209 158 2257 col.
191 2209 241 2259 1.
275 2208 511 2255 attulerat
536 2223 563 2255 e
592 2215 770 2273 parad.
800 2174 838 2256 1'.
867 2208 944 2268 1.,
977 2208 1066 2256 sed
1094 2209 1271 2270 legitur
1295 2223 1336 2256 c.
1365 2208 1415 2267 2,
1439 2204 1489 2257 4.
1516 2209 1565 2270 §-
1594 2207 1674 2258 11.
1743 2209 1816 2257 De
1842 2208 2033 2256 vilitate
2059 2222 2149 2255 va-

68 2291 230 2326 sorum
255 2276 525 2325 Samiorum
558 2292 783 2340 compara
807 2277 1153 2325 confessionem
1194 2275 1396 2324 bominis
1424 2277 1739 2338 pauperculi·
1725 2290 1773 2324 ιιι
1801 2266 1963 2324 Plauti
1987 2280 2160 2324 Sticho

70 2341 210 2406 V-4,
240 2344 354 2396 12..
388 2362 475 2393 nos
498 2356 661 2394 nostro
685 2349 894 2394 Samiolo
917 2348 1103 2407 noterio
1127 2353 1287 2392 tamen
1312 2348 1530 2406 vivimus,
1564 2359 1669 2393 cum
1697 2344 1780 2392 illa
1805 2345 1854 2392 in
1879 2348 2056 2393 rhetor.
2080 2348 2146 2392 aa

71 2418 284 2464 Her-eun.
314 2413 393 2465 IV.
424 2410 510 2472 51,
536 2408 620 2465 64.
645 2414 678 2463 f.
714 2433 799 2463 nos
828 2419 999 2463 Samiis
1033 2416 1404 2469 delectabimum
1449 2417 1500 2462 et
1533 2413 1633 2461 Cic.
1669 2430 1759 2475 pro
1783 2417 1911 2461 Mar.
1939 2411 2025 2472 36,
2058 2409 2143 2464 75.

73 2487 450 2547 Gapedanculae
476 2450 758 2532 dicebantur
792 2484 936 2532 etiam
959 2485 1191 2544 capnias,
1240 2483 1303 2530 de
1328 2483 1497 2544 quibus
1521 2481 1676 2531 Varro
1703 2486 1762 2531 L.
1793 2486 1851 2529 L.
1879 2480 1958 2530 Ν.
1984 2497 2032 2544 Ρ.
2058 2478 2143 2545 35.

75 2553 149 2601 ed.
169 2554 285 2619 ΒίΡ.
356 2556 543 2600 Harum
562 2558 756 2614 figuras
776 2557 830 2600 in
856 2557 1015 2603 vaceis
1047 2548 1237 2600 caereis
1254 2555 1446 2613 ligneas
1468 2560 1515 2601 et
1534 2555 1716 2611 fictiles
1744 2555 1969 2610 antiquas
1998 2555 2147 2600 etiam

74 2638 200 2670 uano
241 2625 470 2670 videmus.
539 2616 649 2669 Vid.
676 2622 743 2670 ibi
772 2625 807 2668 t.
834 2621 892 2668 Π.
919 2632 965 2684 Ρ.
993 2616 1077 2673 87.
1104 2630 1143 2669 s.
1191 2621 1431 2683 Scaligeri
1467 2624 1630 2668 annot.
1674 2621 1752 2669 cll.
1782 2616 2021 2668 Hadriani
2052 2620 2147 2668 Iu-

75 2691 166 2739 nii
200 2695 579 2739 animadversor.
610 2694 644 2736 1.
674 2694 738 2738 ΙΙ.
780 2705 822 2737 c.
857 2689 937 2740 10.
967 2704 1027 2759 Ρ.
1055 2688 1175 2740 369.
1208 2705 1273 2738 sa.
1319 2704 1397 2752 ap.
1446 2690 1640 2738 Gruter.
1683 2690 1730 2739 in
1771 2693 1990 2737 thesauri
2033 2693 2146 2740 crit.

75 2763 110 2807 t.
135 2758 219 2808 IV.
263 2763 317 2807 et
345 2759 460 2807 ibid.
495 2757 781 2820 Schegki
815 2764 931 2806 obss.
975 2767 1023 2806 et
1058 2764 1313 2807 emendati.
1353 2762 1654 2819 praemunis.
1722 2757 1854 2819 Ergo
1893 2772 2012 2807 vasa
2047 2759 2147 2809 ista
2210 2790 2215 2796 ·

76 2827 247 2877 fictilia
270 2828 426 2876 sacris
457 2827 676 2875 adbibita
705 2827 1020 2875 declarabant
1044 2829 1284 2876 sinceram
1314 2827 1506 2876 Numae
1531 2827 1850 2888 religionem,
1862 2826 1956 2874 rite
1975 2827 2146 2876 lauda-

79 2902 175 2946 tam
207 2895 510 2945 Tertulliano
552 2899 679 2956 apol.
709 2911 749 2944 c.
775 2891 887 2955 25.,
922 2909 1181 2956 veramque
1206 2896 1351 2958 prisci
1384 2910 1495 2945 aevi
1510 2890 1781 2958 pietatem
1815 2909 1939 2957 quae
1972 2909 2147 2946 numen

80 2965 289 3015 divinum
315 2965 656 3026 superstItione
682 2977 775 3012 non
798 2964 1092 3023 infamasset,
1121 2964 1231 3012 sed
1238 2965 1382 3028 dig-na
1405 2965 1468 3013 de
1493 2967 1595 3013 eius
1623 2965 1879 3013 maiestate
1898 2967 2146 3025 sensisset,

81 3033 208 3082 utin
227 3033 375 3083 Ειιιιίἰ
405 3033 571 3094 fragm.
595 3047 672 3095 ap.
698 3032 907 3082 Nonium
935 3047 977 3080 c.
1004 3034 1061 3082 Π.
1088 3031 1239 3092 669.
1274 3032 1399 3096 quod
1426 3034 1642 3095 ambigas
1666 3037 1823 3081 utrum
1852 3047 1881 3081 e
1904 3040 2147 3095 capedun-

80 3106 194 3153 cala
222 3102 569 3164 depromptum,
615 3115 679 3149 an
708 3102 781 3149 sic
805 3102 1151 3161 restituendum
1181 3069 1272 3150 si't:
1339 3128 1412 3139 —
1440 3127 1510 3137 —
1544 3128 1614 3138 —
1646 3102 1980 3165 oapedanoala

83 3172 195 3219 lenite
233 3181 306 3219 est
342 3176 532 3218 animas
570 3168 925 3232 propitiabilis,
955 3171 1061 3219 ira
1096 3180 1143 3220 et
1176 3171 1501 3220 exorabilis.-
1532 3185 1734 3234 nempe,
1765 3188 1910 3230 quum
1935 3176 2002 3221 sit
2029 3176 2146 3220 lita·

83 3244 195 3287 bilis
221 3244 379 3287 hostia
421 3244 567 3288 bonus
593 3243 781 3287 animas
822 3250 870 3287 et
890 3256 1018 3300 pura
1051 3257 1182 3289 meus
1213 3250 1260 3289 et
1285 3246 1473 3288 sincera
1509 3244 1828 3300 conscientia,
1874 3244 1929 3288 ut
1956 3240 2030 3288 ait
2052 3240 2148 3291 Mi-

83 3309 250 3356 nucius
276 3306 418 3356 Felix
442 3308 491 3355 in
532 3311 690 3356 octav.
719 3323 768 3369 p.
796 3305 915 3358 314.
947 3324 986 3355 s.
1023 3307 1099 3355 ed.
1127 3309 1322 3369 Ouzek,
1356 3311 1437 3357 ubi
1465 3309 1527 3357 ab
1555 3309 1674 3368 hoc,
1709 3307 2061 3357 Elmenhorstio
2095 3311 2148 3357 et

84 3375 301 3424 Wowero
327 3376 579 3425 laudantur
607 3374 985 3425 Christianorum
1012 3377 1292 3440 scriptorum
1316 3378 1614 3434 sententiae3
1650 3377 1924 3439 quibuscum
1956 3377 2145 3438 conspi-

86 3449 166 3492 rat
207 3444 288 3494 lex
330 3445 575 3509 religionis
609 3459 687 3511 ap.
712 3444 813 3496 Cic.
840 3444 898 3495 Il.
935 3448 1104 3507 leg.'c.
1130 3444 1180 3500 8.
1203 3460 1276 3513 pr.
1290 3482 1307 3510 ,
1348 3460 1473 3512 quae
1499 3452 1622 3510 quoa
1644 3451 1874 3511 pietatem
1900 3442 2138 3509 adhiberi,
