2417 3967
495 260 510 269 f.
564 208 737 273 Lm.
781 206 825 267 ι.
883 203 1107 267 οη.
1150 209 1255 287 29,
1288 202 1406 297 ³30„
1444 211 1577 276 31.
1984 210 2071 275 ει
2098 162 2123 233 '-

99 363 244 425 ’onam
278 366 589 427 varietates.
653 366 817 443 1οὶ8.
860 361 1002 421 Erat
1030 362 1088 423 in
1112 360 1202 423 L.
1238 364 1448 425 Crasso
1482 360 1586 443 [et]
1625 363 1685 423 iu
1705 361 1775 425 L.
1808 357 2068 445 Philippo
2179 330 2183 335 ὓ

98 449 279 511 mulms
303 450 476 529 lepos,
504 450 679 511 maior
708 449 875 509 etiam
903 448 1196 524 magisque
1223 449 1304 515 de
1324 450 1597 509 industria
1623 449 1680 509 in
1713 450 1778 508 C.
1796 452 2065 525 Caesare,

95 531 154 593 L.
175 537 210 597 f.
220 532 270 621 ῥ’
283 542 342 595 at
365 537 563 595 iisdem
586 534 926 612 temporibus
961 534 1019 591 in
1043 533 1123 591 M.
1148 534 1364 613 Scauro
1402 541 1459 595 et
1497 536 1556 595 in
1583 533 1665 595 M.
1697 533 1880 594 Druso
1925 539 2066 596 ado-
2116 610 2119 613 Α
2208 488 2219 495 Ἀ
2247 548 2253 552 ’

93 617 320 681 lescente—
338 621 635 698 singularis
682 620 988 693 severitas,
1041 619 1099 677 in
1142 619 1209 678 C.
1247 618 1440 681 Laelio
1467 618 1639 691 multa
1685 619 1963 694 hilaritas,
2003 623 2065 680 in
2145 652 2159 686 ῃ

95 705 198 764 eius
219 705 484 769 familiari·
500 706 763 785 Scipione
793 705 1022 769 ambitio
1061 696 1272 779 maior,
1313 706 1430 767 vita.
1449 705 1676 764 tristior.
1760 705 1852 767 De
1884 706 2066 790 Gla&

92 791 158 849 cis
180 797 353 852 autem
375 791 595 855 dulcem
626 796 685 851 et
707 792 947 851 facetum
987 790 1283 866 festivique
1308 789 1578 851 sermonis
1606 796 1783 867 atque
1818 792 1877 850 in
1913 783 2066 867 omni

90 877 315 937 oratione
343 876 712 939 simulatorem
727 921 748 952 ‚
788 895 954 954 quem
985 870 1221 957 εἴρωνα
1235 875 1436 936 Graeci
1465 875 1838 950 nominarunt,
1861 877 2064 939 Socra-

88 966 186 1021 tem
213 965 545 1043 accepimus3
591 968 784 1022 contra
797 1002 819 1035 ,
861 959 1237 1038 Pythagoram
1276 966 1335 1020 et
1355 960 1621 1037 Periclem
1660 964 1929 1029 summam
1963 982 2066 1023 au·-

83 1048 370 1109 ctoritatem
397 1053 726 1109 consecutos
750 1047 871 1106 siue
897 1046 1006 1107 ulla
1031 1045 1327 1109 hilaritate.
1388 1045 1664 1106 Callidum
1690 1047 2065 1109 Hannibalem

87 1149 145 1191 ex
167 1132 501 1207 Poenorum,
543 1148 616 1194 ex
645 1133 850 1231 nostris
894 1131 1125 1190 ducibus
1169 1126 1244 1201 Q.
1274 1130 1578 1195 Maximum
1614 1112 1930 1212 accepimus
1977 1135 2066 1199 fia·
2093 1206 2105 1211 -
2138 1181 2143 1185 .

84 1215 194 1278 u‘le*
211 1216 418 1295 celai'e,
455 1225 675 1295 tacere,
716 1216 1092 1291 dissimulare,
1133 1216 1383 1276 insidiari
1400 1261 1420 1292 ,
1440 1234 1443 1235 ⁷
1462 1216 1783 1297 praecipere
1813 1218 2065 1307 'hostium

81 1303 300 1366 consilia.
384 1305 454 1365 In
478 1323 590 1382 quo
623 1321 829 1381 genere
858 1297 1060 1365 Graeci
1084 1301 1518 1385 Themistoclem
1555 1311 1612 1366 et
1641 1304 1950 1371 Pheraeum
1972 1304 2085 1385 Ia-N

82 1406 255 1450 sonem
294 1392 495 1452 ceteris
535 1394 912 1468 anteponunt,
956 1389 1018 1446 in
1051 1387 1354 1466 primisque
1391 1395 1675 1451 versutum
1716 1399 1776 1450 et
1806 1391 2065 1455 callidum

78 1470 267 1537 factum
306 1476 564 1548 Solonis»,
605 1475 704 1555 qui
717 1519 758 1550 ,..
785 1493 897 1550 quo
938 1478 997 1533 et
1036 1474 1210 1532 tutior
1253 1473 1368 1533 vita
1398 1474 1517 1535 eius
1547 1482 1695 1535 esset
1722 1480 1782 1535 et
1815 1475 1940 1553 plus
1964 1474 2065 1537 ali-

80 1562 285 1636 qnando
304 1563 390 1622 rei
427 1560 681 1641 publicae
705 1559 1034 1639 prodesset,
1073 1558 1259 1618 furere
1281 1577 1344 1618 se
1367 1558 1661 1619 simulavit.
1749 1563 1889 1625 109.
1917 1560 2063 1621 Sunt
2115 1568 2120 1574 '
2154 1576 2165 1585 ‘

76 1644 136 1704 iis
176 1646 263 1707 alii
303 1646 539 1707 multum
584 1647 836 1723 dispares
851 1687 870 1720 ‚
913 1643 1198 1722 simplices*
1231 1648 1289 1702 et
1316 1645 1529 1721 aperti,
1571 1643 1675 1721 qui!
1694 1643 1827 1702 nihil
1858 1664 1927 1705 ex
1966 1663 2067 1705 oc-

75 1730 221 1807 culto,
263 1732 404 1793 nihil
428 1733 501 1792 de
530 1730 742 1791 insidiis
766 1730 1050 1807 agendum
1074 1731 1310 1808 putant,
1351 1730 1603 1789 veritatis
1629 1728 1886 1805 cultores,
1911 1732 2066 1790 srau-
2094 1776 2097 1785 Α

74 1815 153 1875 dis
180 1818 417 1889 inimici;
453 1818 702 1894 itemque
725 1814 818 1877 alii
834 1858 855 1887 ,
896 1814 994 1892 qui
1030 1813 1251 1893 quidvis
1284 1815 1706 1894 perpetiantur,
1738 1814 1918 1874 =cuivis
1960 1816 2064 1885 de,-

73 1903 327 1980 serviant,
357 1905 492 1962 dum
517 1902 673 1981 quod
696 1901 866 1962 velint
895 1905 1333 1978 consequantur&
1375 1906 1440 1960 ut
1464 1900 1672 1960 Sullam
1698 1907 1760 1960 et
1787 1900 1868 1960 M.
1889 1901 2062 1960 Gras-

69 2005 180 2048 mm
214 1986 557 2050 videbamus.
644 1987 776 2057 Quo
817 1987 875 2055 in
915 2002 1125 2063 genere
1159 1986 1594 2048 versutissimum
1629 1991 1687 2045 et
1721 1986 2067 2066 patientissi-

69 2091 207 2134 mum
238 2072 748 2135 Lacedaemonium
772 2071 1130 2148 Lysandrum
1158 2072 1502 2150 accepimus3
1558 2078 1864 2150 contraque
1886 2070 2063 2132 Calli-

70 2159 340 2236 cratidam,
371 2160 467 2237 qui
480 2160 792 2238 praefectus
806 2158 998 2217 classis
1011 2156 1293 2237 proximus
1304 2166 1438 2235 post
1451 2155 1802 2232 Lysandrum
1824 2159 1930 2218 fuit
1943 2179 1962 2231 ;
1973 2189 2062 2239 -Τ-

65 2241 299 2325 itemque
329 2245 392 2304 in
424 2244 772 2306 sermonibus
817 2241 988 2301 alium
1036 2260 1203 2320 quem
1220 2283 1241 2316 ,
1284 2243 1537 2320 quamvis
1582 2248 1922 2324 praepotens
1964 2242 2060 2317 sit,

66 2330 278 2392 efficere
297 2377 318 2408 ,
361 2335 425 2390 ut
462 2349 607 2389 unus
629 2331 704 2390 de
733 2327 920 2390 multis
959 2346 1086 2388 esse
1126 2327 1402 2387 videatur:
1424 2328 1604 2404 ¹quod
1638 2328 1698 2386 iu
1721 2328 1956 2403 Catulo,
2001 2332 2062 2388 et

62 2414 117 2473 in
137 2422 300 2494 patre
328 2422 390 2476 et
416 2416 475 2475 in
501 2415 645 2489 filio,
686 2415 948 2491 idemque
973 2414 1032 2473 in
1062 2413 1136 2483 Q.
1160 2410 1349 2472 Mucio
1374 2412 1599 2473 Mancia
1621 2411 1874 2486 vidimus.
1942 2409 2064 2487 Au-

47 2494 169 2561 ,divi
198 2521 270 2563 ex
289 2501 592 2563 maioribus
617 2505 788 2573 natu,
830 2498 940 2561 hoc
969 2497 1120 2559 idem
1157 2497 1332 2561 fuisse
1354 2498 1413 2557 iu
1444 2496 1511 2559 P.
1544 2499 1809 2577 Scipione
1820 2497 2062 2571 Nasica;

64 2591 252 2648 contra
277 2593 497 2667 patrem
523 2586 659 2661 eius,
701 2585 873 2659 illum,
907 2583 1002 2662 qui
1019 2582 1111 2643 Ti.
1130 2583 1370 2643 Gracchi
1397 2590 1628 2647 conatus
1657 2584 1908 2662 perditos
1932 2584 2064 2645 ‚uin-
2144 2600 2153 2611 ⁴

60 2671 291 2748 dicavit,
327 2671 540 2732 nullam
570 2671 885 2733 comitatem
909 2669 1167 2731 habuisse
1212 2668 1513 2742 sermonis3
1557 2665 1662 2750 [ne
1678 2668 2075 2746 ‘Xenocratem‘

60 2757 319 2837 quidem,
361 2756 765 2817 severissimum
806 2752 1291 2834 pbilosophorum,
1335 2755 1410 2815 ob
1457 2773 1695 2832 eamque
1730 2773 1854 2815 rem
1879 2754 2065 2834 ipsam

53 2861 322 2921 maguum
347 2843 664 2920 clarumque
686 2838 898 2919 fuisse]
956 2838 1391 2903 Innumerabiles
1418 2839 1559 2900 aliae
1586 2838 2063 2900 dissimilitudines

57 2935 184 2989 suut
198 2935 434 2989 natiuae
453 2946 802 3003 morumque,
826 2925 1050 2986 minime
1066 2932 1251 2987 tamen
1277 2925 1783 3004 vituperandorum.
1847 2923 2063 2985 XXXI.

59 3016 212 3085 110.
241 3014 560 3074 Admodum
589 3018 786 3073 autem
827 3012 1072 3071 tenenda
1108 3015 1240 3070 sunt
1282 3029 1383 3069 sua
1414 3012 1660 3089 cuique,
1704 3020 1819 3069 non
1856 3010 2063 3071 vitiosa

56 3099 158 3159 sed
185 3105 380 3165 tamen
404 3099 662 3178 propria,
704 3117 817 3175 quo
844 3096 1062 3157 facilius
1097 3097 1359 3172 decorum
1381 3094 1517 3157 illud
1555 3096 1719 3175 quod
1741 3097 2058 3174 quaerimus

52 3184 374 3244 retineatur.
460 3185 556 3244 Sic
599 3183 747 3243 euim
782 3188 872 3244 est
896 3183 1241 3254 faciendum,
1286 3187 1349 3240 ut
1389 3188 1583 3242 contra
1606 3181 1917 3243 universam
1944 3199 2056 3239 na-

50 3274 236 3329 turam
274 3268 408 3329 nihil
427 3270 826 3331 contendamus
842 3310 861 3341 ,
904 3286 972 3326 ea
1012 3272 1199 3327 tamen
1225 3275 1553 3328 conservata
1575 3266 1860 3348 propriam
1887 3274 2059 3325 natu·

51 3362 174 3423 ram
220 3372 574 3431 sequamur&
592 3359 691 3428 ut,
741 3352 958 3413 etiamsi
1009 3351 1120 3412 sint
1151 3351 1269 3412 alia
1303 3353 1560 3429 graviora
1599 3358 1773 3430 atque
1810 3351 2058 3424 meliora,

51 3445 252 3500 tamen
280 3457 385 3501 nos
407 3440 593 3517 studia
616 3445 811 3499 nostra
835 3443 1064 3501 nostrae
1086 3442 1323 3499 naturae
1348 3439 1546 3515 regula
1563 3439 1868 3498 metiamur.
1935 3434 2061 3495 Ne-
2161 3496 2165 3505 ,

49 3523 345 3605 que-enim
367 3525 573 3587 attinet
594 3531 829 3587 naturae
855 3540 1205 3602 repugnare,
1247 3540 1352 3585 nec
1387 3524 1691 3604 quidquam
1716 3521 1873 3603 sequi
1901 3520 2059 3600 quod
