2417 3967
682 250 952 326 LIB.1.
1013 246 1579 337 CAR-fiae
2019 243 2107 309 53

102 360 278 469 tamen
306 406 448 475 haec
473 406 773 485 aliquando
798 412 896 467 aut
925 406 1136 467 iudiciis
1163 403 1350 466 tacitis
1378 408 1479 463 aut
1510 399 1733 463 occultis
1775 398 1850 459 de
1886 396 2102 469 honore

102 493 392 571 suffragiis.
475 491 733 553 Acriores
776 499 963 573 autem
1004 512 1225 552 morsus
1274 495 1404 553 sunt
1441 487 1788 548 intermissae
1826 474 2099 545 libertatis
2188 524 2197 545 .

33 617 44 622 -
102 596 259 657 quam
294 583 562 640 retentae.
650 579 822 648 Quod
843 578 1015 664 igitur
1040 577 1313 638 latissime
1340 580 1527 656 patet,
1569 591 1753 651 neque
1788 571 1864 630 ad
1888 570 2101 631 incolu-
2174 650 2179 655 ο

99 665 338 725 mitatem
365 662 549 723 solum
576 663 678 725 sed
716 665 885 724 etiam
915 649 992 723 ad
1020 682 1160 743 opes
1187 668 1247 723 et
1280 646 1591 742 potentiam
1613 657 1761 718 valet
1783 655 2099 736 plurimum,
2188 696 2193 705 ι

97 748 153 809 id
173 748 598 829 amplectamur,
641 754 704 809 ιιι
725 755 905 810 metus
941 750 1121 825 absit,
1164 746 1365 810 caritas
1388 747 1710 808 retineatur.
1795 741 1881 800 lta
1906 740 2098 802 sacilli·

97 852 213 909 me,
253 853 403 912 quae
423 833 704 910 volemus,
748 839 808 895 et
831 834 1060 914 privatis
1093 836 1151 894 ιιι
1176 835 1346 894 rebus
1373 838 1434 892 et
1471 833 1530 891 in
1553 850 1616 890 re
1650 810 1867 909 publica
1895 845 2095 897 eonse-

97 938 336 997 quemur.
421 920 647 981 Etenim
676 922 774 998 qui
797 939 861 980 se
887 920 1059 983 metui
1078 919 1287 993 volent,
1312 937 1350 976 a
1376 918 1576 994 quibus
1603 918 1942 988 metuentur,
1968 933 2099 974 eos-

97 1006 218 1065 'dem
241 1007 534 1066 metuant
518 1006 628 1083 ipsi
651 1025 884 1066 necesse
911 1011 1014 1065 est.
1102 1003 1206 1072 25.
1251 1003 1405 1074 Quid
1424 1003 1572 1062 enim
1601 1019 1886 1061 censemus
1923 1019 2100 1079 supe-

93 1091 289 1150 riorem
334 1090 488 1150 illuin
520 1090 847 1168 Dionysium
890 1110 1001 1168 quo
1030 1091 1279 1150 cruciatu
1304 1088 1516 1149 timoris
1543 1086 1676 1166 angi
1715 1085 1968 1158 solitum,
1997 1083 2109 1162 qui

95 1174 290 1237 cultros
316 1181 572 1237 metuens
600 1176 877 1236 tonsorios
901 1177 1177 1237 candente
1204 1175 1444 1236 carbone
1475 1172 1580 1233 sibi
1616 1173 1890 1233 adurebat
1924 1170 2098 1249 capil-

93 1259 200 1320 lum
213 1258 246 1319 ἵ
287 1261 443 1331 Quid
453 1259 825 1322 Alexandrum
848 1260 1157 1322 Pheraeum
1183 1279 1299 1340 quo
1325 1260 1511 1320 animo
1529 1258 1729 1319 vixisse
1748 1257 2099 1330 arbitramur,

91 1346 213 1431 qui,
254 1353 320 1407 nt
342 1346 608 1426 scriptum
632 1345 867 1424 legimus
883 1389 904 1422 ,
950 1366 1121 1426 quum
1146 1365 1377 1406 uxorem
1404 1344 1644 1405 Theben
1667 1343 1970 1405 admodum
2009 1342 2101 1401 di·
2164 1412 2177 1421 ,

92 1429 316 1509 ligeret,
357 1437 548 1492 tamen
576 1433 652 1491 ad
675 1452 800 1493 eam
827 1450 896 1492 ex
923 1432 1144 1512 epulis
1128 1452 1187 1492 ιιι
1212 1429 1519 1491 cubiculum
1544 1429 1773 1491 veniens
1797 1428 2099 1499 barbarum

94 1521 152 1576 et
192 1536 316 1579 eum
360 1518 618 1595 quidem,
669 1524 733 1578 ut
768 1518 1031 1597 scriptum
1075 1523 1197 1592 est,
1241 1520 1629 1595 compunctum
1668 1516 1839 1574 notis
1824 1504 2100 1573 Thraciis

92 1600 350 1662 destricto
373 1601 567 1679 gladio
590 1604 819 1664 iubebat
840 1603 1073 1677 anteire,
1113 1601 1620 1683 praemittebatque
1640 1600 1714 1661 de
1736 1596 2100 1679 stipatoribus

94 1687 200 1746 suis
229 1689 328 1766 qui
354 1694 733 1749 scrutarentur
758 1687 973 1748 arculas
997 1687 1295 1748 muliebres
1328 1691 1405 1760 et,
1446 1706 1521 1746 ne
1545 1685 1732 1765 quod
1716 1703 1776 1744 ιιι
1801 1684 2100 1743 vestimen-

93 1773 162 1832 tis
186 1772 360 1832 telum
387 1773 781 1848 occultaretur,
825 1771 1224 1853 exquirerent?
1264 1773 1320 1832 O
1346 1774 1627 1846 miserum,
1668 1770 1764 1850 qui
1788 1769 2099 1831 fideliorem

93 1861 148 1917 et
168 1857 467 1919 barbarum
497 1864 557 1918 et
599 1858 940 1960 stigmatiam
977 1864 1201 1938 putaret
1237 1877 1405 1937 quam
1437 1856 1760 1935 coniugem!
1801 1852 1928 1916 Nec
1968 1873 2097 1915 eum

89 1942 294 2013 fefellit.
374 1939 464 2003 Ab
489 1962 559 2004 ea
592 1950 681 2005 est
704 1944 851 2004 enim
889 1945 1013 2025 ipsa
1019 1950 1273 2029 propter
1302 1943 1588 2024 pellicatus
1616 1941 1983 2023 suspicionem
2010 1940 2101 1999 in-

91 2028 366 2090 terfectus.
450 2028 578 2090 Nec
616 2048 750 2090 vero
777 2028 889 2089 ulla
930 2030 1013 2090 vis
1038 2031 1234 2110 imperi
1273 2034 1434 2089 tanta
1475 2034 1593 2103 est,
1630 2046 1777 2107 quae
1810 2029 2102 2108 premente

90 2121 236 2175 metu
266 2113 448 2195 possit
487 2133 613 2175 esse
646 2115 920 2174 diuturna.
1004 2119 1108 2179 26.
1153 2114 1345 2175 Testis
1376 2119 1465 2176 est
1491 2113 1539 2173 P
1713 2133 1773 2188 s,
1815 2113 1966 2173 errius
2011 2115 2102 2172 est

88 2205 308 2278 praeter
336 2205 555 2260 ceteros
581 2199 873 2259 nobilitata
895 2186 1222 2259 cffidelitas.
1244 2199 1361 2278 qui
1389 2218 1503 2260 non
1624 2198 1842 2258 insidiis
1865 2197 2097 2271 interiit,

89 2286 189 2343 ut
173 2304 224 2344 is
248 2304 418 2364 quem
450 2286 620 2344 modo
645 2285 761 2344 dixi
783 2283 1134 2359 Alexander,
1176 2303 1295 2343 non
1324 2304 1360 2344 a
1384 2284 1613 2363 paucis,
1656 2288 1718 2342 ut
1748 2283 1838 2342 hic
1872 2288 2096 2355 noster3

91 2370 236 2430 sed
220 2389 280 2430 ιιι
309 2389 476 2448 quem
516 2371 773 2431 universa
797 2367 1295 2447 Agrigentinorum
1332 2369 1628 2428 multitudo
1654 2370 1919 2449 impetum
1944 2366 2096 2428 fecit.

90 2453 240 2524 Quid
253 2503 277 2532 ,
319 2453 667 2517 Macedones
692 2473 881 2516 nonne
903 2454 1248 2516 Demetrium
1275 2454 1620 2533 reliquerunt
1655 2454 2004 2530 universique
2031 2472 2099 2515 se

86 2541 160 2599 ad
185 2540 464 2620 Pyrrhum
505 2537 895 2602 contuderunt?
927 2540 1115 2615 Quid,
1154 2539 1635 2615 Lacedaemonios
1682 2540 1886 2599 iniuste
1915 2539 2098 2619 impe·-

86 2631 274 2687 rantes
306 2644 496 2687 nonne
521 2631 754 2707 repente
784 2644 978 2697 omnes
1011 2628 1131 2686 fere
1159 2626 1295 2685 socii
1323 2627 1687 2685 deseruerunt
1722 2630 2099 2703 spectatores-

91 2729 196 2788 que
236 2730 304 2771 se
347 2711 558 2772 otiosos
591 2711 966 2792 praebuerunt
995 2709 1320 2773 Leuctricae
1349 2707 1722 2770 calamitatis?
1788 2708 1937 2768 Vm.
1978 2708 2098 2767 Ex-

83 2799 245 2856 terna
268 2795 569 2857 libentius
554 2815 613 2856 ιιι
640 2795 736 2856 tali
758 2815 822 2856 re
843 2815 1009 2873 quam
1035 2786 1341 2858 domestica
1364 2795 1645 2856 recordor.
1678 2793 2098 2855 Verumtamen

86 2881 404 2958 qnamdiu'
386 2881 678 2962 imperium
707 2876 902 2961 populi
939 2880 1181 2942 Romani
1207 2881 1489 2941 beneficiis
1517 2881 1829 2955 tenebatur,
1867 2898 1983 2939 non
2007 2879 2098 2939 in-

85 2963 266 3027 iuriis.
309 2965 455 3027 bella
489 2972 588 3027 aut
629 2986 735 3055 pro
776 2965 944 3025 sociis
966 2971 1065 3027 aut
1100 2958 1206 3027 de
1215 2965 1449 3046 imperio
1491 2965 1859 3044 gerebantur,
1913 2967 2125 3027 exitus·

69 3056 249 3110 erant
293 3050 565 3112 bellorum
599 3056 699 3121 aut
745 3051 911 3112 mites
949 3057 1048 3111 aut
1085 3051 1417 3129 necessarii,
1457 3070 1653 3130 regum
1667 3092 1688 3125 ,
1739 3050 2095 3131 populorum,
2162 3050 2183 3065 ‘⁴

82 3136 368 3196 nationum
390 3143 589 3217 portus
609 3142 731 3198 erat
755 3143 814 3198 et
838 3137 1112 3215 refugium
1134 3141 1392 3211 senatus;
1434 3140 1538 3202 27.
1565 3136 1744 3196 nostri
1764 3143 1950 3197 autem
1973 3155 2096 3196 ma·-

31 3298 34 3305 ¹
83 3217 346 3298 gistratus
372 3223 844 3301 imperatoresque
874 3241 943 3282 ex
969 3222 1074 3282 hac
1098 3242 1212 3283 una
1234 3240 1298 3283 re
1326 3218 1619 3283 maximam
1638 3221 1866 3284 laudem
1894 3239 2098 3302 capere

86 3305 420 3380 studebant,
461 3308 508 3366 si
546 3307 890 3386 provincias,
932 3307 979 3366 si
1019 3306 1201 3367 socios
1233 3307 1519 3386 aequitate
1558 3312 1617 3369 et
1654 3307 1768 3371 fide
1807 3307 2094 3369 defendis-

84 3396 246 3450 sentf
310 3390 506 3468 ltaque
524 3391 659 3452 illud
683 3393 1051 3472 patrocinium
1090 3392 1242 3453 orbis
1267 3398 1450 3453 terrae
1475 3392 1658 3454 verius
1703 3410 1870 3471 quam
1908 3392 2090 3470 impe-

79 3471 220 3534 rium
243 3480 466 3556 poterat
487 3478 774 3539 nominari.
858 3477 1080 3538 Sensim
1104 3477 1249 3538 hanc
1274 3477 1730 3540 consuetudinem
1757 3483 1815 3537 et
1842 3475 2091 3556 discipli·-

79 3575 213 3622 nam
239 3559 352 3621 iam
384 3567 553 3624 antea
569 3563 988 3641 minuebamus,
1027 3568 1162 3645 post
1184 3582 1319 3625 vero
1345 3562 1534 3626 Sullae
1557 3563 1840 3624 victoriam
1859 3562 2085 3644 penitus
