2417 3967
661 256 833 318 Lm.
874 257 973 319 m.
1059 254 1254 321 cAP.
1299 261 1359 326 6.
1403 262 1463 325 7.
1606 258 1611 269 ·
1772 234 1781 243 ’
1984 259 2070 343 ει
2180 208 2189 285 Ᾰ

79 406 670 473 ιιιιιιιιιιιιιιιιοιῑιιιειιιιι
681 416 902 490 egestas
923 418 1020 474 aut
1031 414 1166 491 quid
1180 411 1472 487 eiusmodi,
1499 429 1668 490 quam
1692 408 1959 473 detractio
1973 417 2073 475 aut
2248 424 2257 435 ‘

78 499 332 577 appetitio
373 498 565 572 alieni;
608 499 711 558 sed
752 500 1056 558 eommunis
1088 498 1342 558 utilitatis
1367 497 1652 561 derelictio
1683 504 1875 558 contra
1907 506 2073 560 natu-

76 601 187 644 ram
221 589 332 643 esti
376 589 464 644 est
490 586 639 644 enim
668 584 889 645 iniusta.
973 586 1080 651 31.
1121 584 1323 663 Itaque
1348 583 1438 644 lex
1465 584 1590 663 ipsa
1614 588 1846 644 naturae
1860 627 1879 658 ‚
1921 604 2071 663 quae
2108 655 2117 661 ⁸

76 667 360 728 utilitatem
399 668 682 728 hominum
722 674 1012 731 conservat
1049 673 1109 728 et
1158 671 1441 743 continet,
1496 668 1746 728 decernit
1797 671 2072 748 profecto,

74 759 136 811 ut
152 752 220 812 ab
248 752 472 813 homine
496 756 661 814 inerti
690 760 861 832 atque
890 753 1068 813 inutili
1092 755 1167 813 ad
1200 753 1547 833 sapientem,
1588 755 1825 827 bonum,
1865 756 2075 816 fortem

73 839 240 897 virum
263 839 663 898 transferantur
688 859 778 900 res
813 840 892 903 ad
915 840 1209 899 vivendum
1239 839 1616 903 necessariae·
1657 839 1751 917 qui
1780 839 1829 897 si
1852 841 2075 901 occide·-

70 923 162 999 xit,
196 922 419 1002 multum
439 924 513 984 de
533 925 807 987 communi
834 925 1071 984 utilitate
1089 924 1421 999 detraxerit3
1463 924 1633 982 modo
1649 923 1758 984 hoc
1772 923 1853 984 ita
1878 925 2070 1001 saciat,

71 1013 142 1066 ιιι
167 1027 239 1068 ne
271 1009 392 1088 ipse
416 1009 490 1068 de
531 1029 596 1070 se
634 1010 777 1071 bene
807 1010 1126 1070 existimans
1153 1029 1392 1088 seseque
1420 1009 1656 1085 diligens
1678 1008 1824 1069 hauc
1846 1029 2071 1070 causam

71 1092 270 1154 habeat
294 1095 369 1153 ad
408 1094 678 1156 iniuriam.
764 1095 855 1156 Ita
881 1113 1100 1176 semper
1124 1094 1311 1153 officio
1345 1096 1608 1185 fungetur
1625 1136 1646 1169 ‚
1689 1093 1912 1154 utilitati
1934 1114 2072 1155 cou-

57 1177 251 1239 'salens
282 1177 567 1239 hominum
592 1185 652 1241 et
682 1181 764 1255 ei,
806 1200 972 1257 quam
1017 1200 1190 1260 saepe
1234 1199 1639 1254 commemoro,
1678 1180 1954 1241 humanae
1976 1200 2081 1240 so·-
2178 1234 2187 1239 -

69 1263 265 1325 cietati.
347 1266 453 1330 82.
495 1263 643 1325 Nam
671 1266 826 1342 quod
850 1267 924 1324 ad
947 1260 1225 1339 Phalarim
1256 1265 1472 1349 attinet,
1523 1264 1785 1344 perfacile
1809 1265 2074 1326 iudicium

69 1353 172 1409 est.
251 1346 422 1408 Nulla
441 1350 586 1410 enim
607 1351 844 1410 societas
868 1351 1030 1410 nobis
1054 1370 1178 1409 cum
1205 1352 1472 1427 tyrannis,
1515 1350 1618 1409 sed
1643 1351 1829 1429 potius
1858 1369 2073 1411 summa

66 1434 347 1493 distractio
382 1442 497 1509 est3
539 1455 727 1511 neque
754 1442 841 1495 est
863 1441 1060 1495 contra
1077 1442 1332 1494 naturam
1355 1435 1594 1513 spoliare
1618 1454 1764 1511 eum,
1801 1438 1850 1495 si
1872 1437 2076 1516 possis,

67 1538 235 1598 quem
271 1524 357 1579 est
396 1518 689 1589 honestum
727 1539 956 1581 necare.
993 1525 1166 1597 atque
1193 1519 1302 1581 hoe
1336 1538 1501 1579 omne
1538 1539 1715 1597 genus
1749 1522 2075 1601 pestiferum

63 1611 236 1682 atque
282 1604 510 1684 impium
560 1625 629 1666 ex
670 1606 955 1666 bominum
996 1604 1393 1668 communitate
1436 1605 1910 1666 exterminandum
1970 1612 2077 1668 est.

58 1688 283 1749 Etenim
314 1695 380 1749 ut
417 1692 667 1752 membra
712 1693 987 1770 quaedam
1020 1692 1411 1771 amputantur,
1453 1692 1500 1749 si
1538 1697 1596 1750 et
1637 1691 1761 1769 ipsa
1800 1692 2075 1768 sanguine

60 1780 121 1833 et
147 1780 415 1851 tanquam
444 1777 643 1855 spiritu
681 1796 872 1837 carere
907 1783 1213 1857 coeperunt
1237 1783 1296 1836 et
1326 1780 1529 1837 nocent
1560 1775 1784 1852 reliquis
1818 1777 2079 1856 partibus

58 1859 336 1939 corporis:
389 1862 468 1921 sic
506 1862 615 1921 ista
642 1861 703 1920 in
728 1864 908 1940 figura
947 1862 1183 1922 hominis
1221 1862 1411 1922 feritas
1446 1868 1505 1920 et
1534 1860 1846 1920 immanitas
1875 1860 2077 1922 beluae

56 1964 97 2006 a
123 1946 397 2005 communi
418 1954 684 2023 tanquam
707 1946 1063 2011 humanitatis
1087 1967 1322 2026 corpore
1347 1947 1699 2023 segreganda
1727 1951 1831 2006 est.
1887 1946 2073 2007 Huius

57 2031 283 2107 generis
313 2031 666 2107 quaestiones
695 2040 830 2093 suut
859 2053 1051 2094 omnes
1079 2052 1216 2106 eae,
1257 2034 1316 2092 in
1352 2033 1553 2109 quibus
1587 2050 1657 2091 ex
1695 2038 1950 2112 tempore
1986 2031 2099 2091 of-'

53 2116 243 2175 ficium
278 2118 600 2192 exquiritur.
684 2119 808 2177 Vll.
849 2121 953 2184 83.
1014 2119 1304 2183 Eiusmodi
1350 2118 1552 2194 igitur,
1595 2117 1797 2192 credo,
1840 2137 1928 2178 res
1962 2118 2075 2178 Pa-

53 2202 308 2260 naetium
329 2208 747 2279 persecuturum
774 2205 962 2279 fuisse,
1004 2203 1110 2262 nisi
1142 2203 1313 2279 aliqui
1339 2221 1496 2260 casus
1523 2205 1930 2281 autoccupatio
1956 2202 2074 2264 eius

52 2285 350 2347 consilium
379 2287 722 2366 peremisset.
808 2286 900 2349 Ad
934 2308 1075 2366 quas
1099 2289 1249 2366 ipsas
1273 2286 1701 2346 consultationes
1732 2305 1800 2345 ex
1824 2287 2079 2366 superio·

50 2372 211 2431 ribus
251 2370 403 2430 libris
439 2373 571 2431 satis
612 2374 784 2433 multa
821 2380 1122 2452 praecepta
1155 2379 1324 2447 sunt,
1381 2372 1583 2449 quibus
1625 2372 1863 2451 perspici
1897 2373 2078 2451 possit

52 2456 198 2532 quid
230 2456 304 2514 sit
337 2463 567 2536 propter
590 2460 988 2538 turpitudinem
1027 2459 1390 2535 fugiendum,
1432 2458 1574 2535 quid
1609 2457 1816 2518 idcirco
1855 2457 2080 2538 fugien-

50 2542 193 2609 dum
218 2559 337 2599 non
361 2542 466 2616 sit,
507 2544 646 2619 quid
668 2545 891 2603 omnino
920 2549 1083 2624 turpe
1110 2563 1226 2603 non
1261 2543 1355 2602 sit.

191 2626 314 2685 Sed
358 2629 619 2704 quoniam
664 2630 822 2708 operi
862 2627 1151 2704 inchoat0‚
1208 2647 1391 2710 prope
1424 2631 1612 2689 tamen
1655 2625 1909 2687 absoluto
1952 2630 2084 2687 tan-

46 2729 229 2790 quam
256 2712 581 2790 fastigium
565 2715 930 2793 imponimus,
971 2720 1035 2773 ut
1059 2721 1384 2792 geometrae
1409 2711 1590 2773 solent
1623 2732 1738 2771 non
1770 2713 1956 2772 omnia
1977 2712 2086 2771 do-

46 2815 217 2868 cere,
272 2797 377 2857 sed
413 2794 698 2876 postulare
722 2806 789 2859 ut
827 2800 1102 2900 quaedam
1145 2800 1251 2859 sibi
1279 2800 1685 2872 concedantur,
1730 2816 1842 2874 quo
1873 2796 2084 2858 facilius
2157 2804 2181 2817 '

46 2900 206 2959 quae
231 2878 429 2940 volunt
442 2882 759 2982 explicent:
804 2886 886 2945 sic
915 2905 1025 2962 ego
1050 2905 1087 2944 a
1114 2891 1173 2946 te
1196 2882 1442 2967 postulo,
1484 2884 1560 2941 mi
1585 2883 1820 2958 Cicero,
1861 2889 1924 2942 ut
1947 2882 2085 2943 mihi

44 2965 369 3041 concedas,
412 2968 461 3025 si
490 2975 681 3047 potes,
736 2970 931 3030 nihil
972 2975 1275 3049 praeter
1317 2969 1422 3043 id,
1466 2967 1657 3047 quod
1697 2967 2080 3037 honestum

44 3052 191 3125 sit,
254 3058 559 3130 propter
605 3076 679 3116 se
722 3075 892 3135 esse
929 3056 1438 3135 expetendum.
1526 3055 1630 3111 Sin
1653 3053 1761 3113 hoc
1796 3052 2081 3115 nonlicet

44 3155 159 3215 per
190 3136 566 3216 Cratippum3
608 3147 667 3200 at
697 3141 832 3200 illud
869 3148 1022 3201 certe
1046 3140 1242 3215 dabis,
1285 3140 1478 3218 quod
1518 3139 1556 3198 h
1575 3145 1904 3199 onestum
1947 3141 2081 3213 sit,

44 3222 123 3280 id
150 3239 333 3281 esse
361 3223 661 3286 maxime
699 3233 1002 3306 prop-ter
1041 3246 1118 3287 se
1156 3225 1668 3304 expetendum.
1718 3225 2088 3285 Mihiuttum-

44 3306 134 3363 vis
182 3307 331 3365 satis
376 3315 496 3382 est,
551 3308 608 3371 et
638 3316 758 3371 tum
789 3311 895 3371 hoc
938 3320 1059 3371 tum
1099 3311 1233 3371 illud
1270 3309 1610 3389 probabilius
1658 3309 1909 3382 xidetur,
1981 3328 2088 3370 nec

46 3398 358 3469 praeterea
384 3392 687 3474 quidquam
721 3397 1029 3477 probabile.
1113 3396 1218 3463 84
1262 3395 1344 3455 Ac
1383 3395 1620 3474 primum
1648 3395 1704 3452 in
1735 3396 1842 3454 hoc
1865 3396 2091 3455 Panae·

46 3475 166 3535 tius
197 3475 598 3541 defendendus
627 3490 751 3556 est,
795 3484 948 3560 quod
983 3503 1098 3549 nou
1120 3482 1281 3541 utilia
1309 3498 1429 3540 cum
1453 3481 1683 3539 honestis
1695 3498 1948 3558 pugnare
1979 3479 2096 3538 ali·-

46 3560 277 3640 quando
321 3581 480 3645 poue
521 3568 758 3643 dixerit,
801 3570 1015 3647 (neque
1061 3570 1210 3629 enim
1253 3566 1307 3627 ei
1350 3567 1436 3627 fas
1469 3566 1638 3639 erat,)
1683 3566 1785 3625 sed
1814 3585 1912 3641 ea,
1958 3583 2095 3646 quac
