2417 3967
787 22 792 27 -
871 7 891 39 1

737 234 1022 299 man.
1093 173 1625 317 carniae.
2097 218 2177 296 51

41 386 48 391 ’
115 392 120 399 ’
159 392 464 457 homines
459 342 785 471 plurimum
833 390 1150 452 hominibus
1201 397 1273 455 et
1335 382 1551 470 prosint
1603 394 1662 450 et
1725 346 1941 447 ob‘siut:
2015 404 2095 465 pr
2111 403 2180 444 e-
2224 412 2229 431 ·

159 481 400 562 prium
441 478 569 536 hoc
607 483 792 536 statuo
831 496 994 538 esse
1032 476 1369 557 virtutis,
1418 475 1826 553 conciliat-e
1884 472 2173 530 animos

158 565 523 627 hominum
567 566 640 622 et
673 563 768 621 ad
809 581 982 622 usus
1023 581 1194 622 suos
1236 548 1662 649 adiungere.
1719 559 1918 635 Itaque
1945 575 2090 633 quae
2114 576 2173 614 ιιι

159 650 369 719 rebus
354 649 610 725 manimis
623 665 878 724 quaeque
890 647 949 707 in
962 667 1065 707 usu
1086 654 1147 709 et
1167 638 1494 711 tractatione
1516 644 1797 705 beluarum
1818 644 1957 702 fiunt
1968 637 2195 707 utiliter,

157 737 247 797 a‘d
273 734 557 794 hominum
588 733 790 806 vitam,
824 733 1043 797 artibus
1068 752 1137 795 ea
1160 733 1473 793 tribuuntur
1497 730 1774 810 operosis,
1814 727 2172 787 Ιιοιιιὶιιιιίιι

157 819 623 885 autemstudia
663 819 749 877 ad
786 810 1449 898 amplificationem
1489 823 1898 875 nostrarum
1928 828 2173 871 rerum
2278 888 2291 893 ,

159 910 459 991 promta
500 923 582 963 ac
615 909 887 981 parata
929 903 1250 963 virorum
1290 921 1373 982 Ρι-
1387 892 1833 963 aestan'tium
1875 896 2173 995 sapien-

159 993 277 1053 tia
332 995 408 1052 et
459 989 756 1051 virtute
813 989 1272 1069 excitantur.
1362 990 1462 1052 18.
1517 986 1739 1046 Etenim
1772 984 1957 1043 virtus
1992 982 2175 1040 omnis

41 1074 72 1121 A·
160 1084 193 1138 ι
207 1077 271 1136 ri
286 1076 326 1135 b
339 1094 417 1134 us
435 1075 500 1134 in
525 1073 690 1134 rebus
719 1072 840 1135 fere
856 1074 1117 1171 vertitur,
1158 1091 1394 1151 quarum
1426 1092 1462 1133 ιι
1476 1090 1560 1131 ua
1590 1078 1681 1143 est
1707 1074 1764 1131 in
1788 1066 2174 1150 perspiciendo

155 1161 356 1241 quid
339 1180 400 1220 ιιι
426 1178 650 1238 quaque
676 1178 740 1219 re
770 1178 959 1219 verum
1001 1159 1385 1236 sincentmque
1422 1159 1524 1230 sit,
1567 1157 1705 1235 quid
1739 1156 2174 1216 consentaneum

159 1248 403 1324 cuique,
459 1244 598 1343 quid
644 1262 1027 1323 consequens,
1080 1262 1150 1304 ex
1191 1263 1305 1321 quo
1349 1262 1605 1321 quaeque
1638 1244 1968 1318 gignantur,
2024 1256 2184 1316 quae,

162 1333 442 1408 cuiusque
456 1331 537 1391 rei
550 1348 719 1389 causa
739 1328 848 1401 sit3
873 1327 1217 1403 alterum,
1240 1328 1690 1388 cohiberemotus
1705 1327 1875 1386 animi
1900 1324 2173 1395 turbatos,
2259 1324 2270 1347 ⁸

163 1437 318 1498 quos
345 1414 547 1477 Graeci
570 1408 753 1492 πάθη
782 1414 1103 1488 nominant,
1151 1413 1655 1493 appetitionesque‚
1696 1430 1834 1488 quas
1859 1409 1934 1471 illi
1964 1400 2174 1487 ὁρμάς,

153 1501 499 1565 obedientes
524 1499 747 1563 efficere
763 1498 989 1561 rationi·
976 1540 994 1570 ‚
1034 1499 1368 1573 tertium,
1394 1496 1482 1568 iis,
1513 1497 1832 1572 quibuscum
1862 1513 2174 1571 congrega·-

135 1608 329 1662 aexnur,
374 1586 456 1646 uti
474 1585 763 1647 moderate
782 1590 844 1644 et
861 1582 1100 1644 scienter
1113 1626 1132 1658 ,
1183 1601 1416 1659 quor-um
1436 1578 1632 1643 studiis
1657 1599 1723 1642 ea
1736 1625 1754 1656 ,
1782 1596 1948 1658 qme
1973 1585 2175 1641 natura

165 1673 458 1737 desiderat
473 1712 492 1746 ,
534 1670 753 1753 expleta
775 1668 1158 1746 cumulataque
1199 1669 1502 1729 habeamus
1516 1709 1535 1741 ,
1570 1686 1672 1747 per
1712 1666 2081 1745 eosdemque,
2123 1666 2174 1723 si

167 1760 313 1840 quid
347 1759 676 1858 importetur
709 1755 870 1814 nobis
914 1754 1250 1837 incommodi
1271 1795 1290 1827 ,
1325 1753 1708 1833 propulsemus
1739 1752 2174 1827 ulciscamurque
2276 1816 2283 1820 ⁴
2372 1786 2389 1803 .

166 1864 305 1918 eoS,
354 1844 453 1922 qui
483 1860 685 1902 nocere
710 1840 872 1899 nobis
900 1841 1085 1900 conati
1122 1825 1284 1912 sunt,
1325 1844 1596 1918 tantaque
1630 1857 1817 1919 poena
1846 1832 2175 1914 afficiamus,

165 1936 442 2013 quantam
462 1926 719 2006 aequitas
743 1926 1168 2029 humanitasque
1186 1925 1414 2009 patitur.

300 2099 396 2162 VI.
441 2101 544 2167 19.
587 2100 808 2179 Quibus
837 2104 1026 2165 autem
1062 2097 1367 2165 rationibus
1406 2097 1549 2161 hanc
1582 2099 1898 2162 facultatem
1947 2094 2173 2174 assequi
2222 2068 2233 2077 ⁶

75 2187 91 2199 ’
162 2186 477 2277 possimus,
528 2192 592 2246 ut
638 2187 922 2263 hominum
962 2193 1147 2252 studia
1186 2190 1612 2272 complectamur
1650 2208 1830 2270 eaque
1862 2190 2175 2268 teneamus,

165 2280 448 2353 dicemus,
488 2296 674 2356 neque
701 2278 780 2339 ita
808 2277 979 2337 multo
1024 2285 1185 2358 post:
1229 2281 1332 2340 sed
1372 2298 1549 2358 pauca
1588 2282 1721 2341 ante
1753 2278 1988 2339 dicenda
2023 2285 2171 2337 sunt.

164 2365 444 2442 Magnam
484 2364 599 2424 vim
627 2383 751 2425 esse
790 2364 849 2423 in
897 2366 1198 2426 fortuna
1222 2367 1283 2425 in
1325 2371 1614 2443 utramque
1649 2364 1902 2444 partem,
1951 2362 2041 2429 vel
2082 2370 2174 2424 sess

167 2452 386 2513 cundas
415 2451 490 2509 ad
518 2468 608 2509 res
630 2449 716 2511 vel
739 2451 1031 2526 adversas,
1076 2450 1200 2529 quis
1239 2449 1502 2527 ignorat?
1548 2450 1698 2511 Nam
1735 2457 1798 2510 et
1834 2470 2004 2529 quum
2039 2469 2175 2528 pro-

165 2556 337 2617 spero
366 2537 501 2594 flatu
531 2536 649 2594 eius
681 2534 918 2609 utimur,
963 2536 1037 2594 ad
1060 2538 1237 2609 exitus
1256 2536 1606 2614 pervehimur
1626 2538 1885 2614 optatos,
1912 2541 1970 2596 et
1997 2553 2173 2612 quum
2244 2582 2253 2588 .
2338 2573 2345 2578 -

164 2620 417 2693 reflavit,
459 2620 775 2697 affligimur.
858 2608 1018 2682 Haec
1034 2622 1205 2697 igitur
1233 2622 1355 2699 ipsa
1376 2622 1607 2681 somma
1638 2624 1850 2680 ceteros
1881 2639 2040 2680 casus
2081 2639 2174 2679 ra-
2239 2624 2243 2633 ”

162 2708 346 2767 riores
371 2704 574 2777 habet,
613 2705 851 2784 primum
886 2706 995 2766 ab
981 2707 1243 2766 inanimis
1266 2706 1558 2785 procellas,
1600 2711 1993 2785 tempestates,
2034 2724 2174 2765 nau·

164 2792 383 2869 fragia,
424 2790 645 2864 ruinas,
685 2791 974 2864 incendia·,
1015 2792 1223 2853 deinde
1262 2810 1297 2850 a
1325 2792 1517 2851 bestiis
1557 2790 1701 2850 ictus
1718 2834 1738 2865 ,
1777 2808 1990 2850 morsus
2007 2834 2026 2866 ,
2048 2790 2176 2850 -im-
2246 2836 2255 2841 -

163 2885 374 2959 petua,
410 2875 571 2935 Haec
591 2882 770 2952 ergo,‘
792 2880 854 2934 ut
875 2878 1014 2951 dixi,
1049 2877 1278 2936 rariora.
1344 2882 1446 2942 20.
1475 2875 1552 2936 At
1573 2896 1709 2937 vero
1734 2877 1987 2936 interitus
2015 2895 2172 2937 exer-

164 2962 407 3036 cituum,
447 2967 508 3019 ut
550 2961 802 3040 proxime
837 2962 1002 3021 trium
1016 3005 1035 3037 ,
1071 2978 1244 3040 saepe
1273 2962 1604 3034 multorum3
1643 2962 1830 3021 clades
1870 2965 2175 3042 imperato-

165 3064 321 3121 rum,
366 3053 429 3105 ut
450 3065 631 3125 nuper
654 3046 852 3106 summi
877 3054 940 3108 et
961 3047 1258 3125 singularis
1278 3046 1403 3120 viri3
1443 3048 1686 3107 invidiae
1713 3055 2007 3126 praeterea
2029 3043 2177 3109 mul-‘

163 3131 421 3199 titudinis
431 3137 609 3209 atque
635 3131 718 3190 ob
730 3149 827 3191 eas
839 3128 994 3194 bene
1021 3133 1342 3201 meritorum
1369 3151 1541 3211 saepe
1578 3133 1773 3192 civium
1806 3128 2173 3215 expulsiones»,

63 3256 70 3259 ›
167 3217 540 3291 calamitates,
580 3219 779 3297 sugae3
820 3234 1116 3296 rursusque
1140 3216 1418 3293 secundae
1445 3237 1561 3290 res,
1604 3218 1874 3319 lionores,
1916 3220 2173 3300 imperia,

164 3300 491 3376 victoriae,
512 3319 833 3381 quanquam
873 3304 1102 3364 fortuita
1141 3309 1309 3376 sunt,
1350 3310 1538 3363 tamen
1579 3306 1703 3397 sine
1731 3305 2013 3370 hominum
2047 3305 2174 3384 opi·

166 3389 274 3448 bus
303 3393 362 3448 et
384 3386 581 3446 studiis
606 3388 897 3447 neutram
881 3406 941 3448 ιιι
975 3395 1191 3469 partem
1222 3386 1365 3449 effici
1389 3392 1674 3468 possunt.
1725 3388 1855 3450 Hoc
1879 3391 2047 3467 igitur
2074 3409 2168 3448 co-

167 3474 330 3551 gnito
370 3471 666 3543 dicendum
699 3477 821 3545 est,
883 3491 1208 3552 quonam
1259 3475 1471 3536 modo
1511 3473 1878 3536 hominum
1920 3474 2171 3553 studia

59 3614 76 3629 ,
133 3559 260 3621 -ad
297 3557 669 3620 utilitates
701 3564 1002 3620 nostras
1041 3558 1354 3621 allicere
1394 3564 1610 3639 atque
1646 3562 1989 3625 excitare
2006 3580 2171 3644 pos·

1669 3646 1767 3710 5*

2234 3558 2412 3918 -ἰ
