2417 3967
229 282 240 296 '
303 302 393 373 σει
722 284 1414 366 οισΕιιοΝιε-’.ΒΕ
1467 298 1882 363 ormcns

302 460 481 520 locum
506 460 628 539 ipse
661 455 964 537 succedat?
1006 444 1176 532 „Non
1201 460 1380 536 igitur
1400 457 1651 538 faciat,“
1695 457 1894 517 dixerit
1923 428 2078 535 quis,
2121 455 2300 536 „quod

227 573 232 577 ·
303 545 438 605 utile
469 550 578 620 sit}
621 546 761 624 quod
789 543 1127 624 expediat?“
1183 545 1359 603 Immo
1393 543 1668 620 intelligat
1706 544 1844 621 nihil
1886 563 1997 603 nec
2040 543 2304 623 expedire

303 651 410 691 nec
434 631 566 692 utile
591 651 746 705 esse,
790 631 944 711 quod
973 632 1045 690 sit
1077 631 1363 689 iniustum.-
1444 630 1575 688 Hoc
1599 630 1694 707 qui
1732 649 1847 688 non
1875 630 2166 703 didicerit,
2182 628 2307 687 'bo-

149 706 182 744 ’·
251 752 258 757 ·
305 735 414 776 nus
449 718 534 775 vir
557 736 680 778 esse
703 736 818 775 non
841 717 1063 796 poterit.
1150 721 1255 780 77
1294 715 1599 774 Fimbriam
1630 714 1975 774 consularem
2004 714 2305 772 audiebam

275 803 380 861 ‘de
414 807 612 881 patre
603 810 798 861 nostro
834 822 973 881 puer
997 801 1235 887 iudicem
1265 800 1348 860 Μ.
1375 799 1602 860 Lutatio
1626 784 1888 858 Pinthiae
1912 801 2109 874 fuisse,
2138 797 2308 876 equiti

304 885 562 947 Romano
589 905 725 948 sane
750 887 1017 961 honest0,
1058 906 1225 963 quum
1254 888 1302 944 is
1331 886 1686 964 sponsionem
1713 885 1938 946 fecisset
1964 905 2033 943 m
2060 904 2182 943 vm
2204 904 2305 941 Bo-
2406 952 2407 965 χ

305 991 419 1031 mss
447 982 643 1031 Essm‘.
697 964 929 1051 ltaque
953 973 1005 1031 ei
1031 972 1235 1030 dixisse
1258 970 1578 1047 Fimbriam,
1621 990 1679 1028 se
1701 970 1855 1029 illam
1894 990 2008 1030 rem
2033 986 2305 1049 nunquam

304 1057 707 1132 iudicaturum,
747 1076 814 1116 ne
846 1063 945 1117 aut
972 1056 1226 1135 spoliaret
1239 1054 1407 1136 fama
1428 1055 1710 1134 probatum
1754 1056 2049 1130 hominem,
2093 1059 2149 1114 si
2185 1074 2305 1113 con-

143 1170 156 1180 ¹
183 1194 187 1201 .
305 1148 395 1201 tra
420 1143 800 1219 iudicavisset,
863 1148 964 1202 aut
1002 1144 1258 1201 statuisse
1289 1141 1558 1202 videretur
1598 1144 1778 1202 virum
1820 1141 2016 1200 bonum
2062 1161 2178 1201 esse
2202 1139 2304 1199 ali-

306 1247 487 1307 quem,
532 1246 692 1305 quum
717 1248 782 1288 ea
812 1248 896 1288 res
914 1227 1388 1287 innumerabilibus
1417 1226 1607 1306 effic-iis
1647 1228 1699 1286 et
1731 1226 1985 1287 laudibus
2002 1230 2302 1285 continere-

225 1328 232 1335 ·
305 1319 421 1374 tur.
501 1313 649 1372 Huic
687 1314 859 1393 igitur
893 1315 1015 1373 viro
1059 1315 1233 1388 bono,
1268 1322 1433 1391 quem'
1458 1312 1707 1389 Fimbria
1730 1314 1938 1386 etiam,
1983 1332 2107 1371 non
2138 1312 2303 1372 modo

297 1392 566 1461 Socrates
595 1407 845 1473 noverat,
867 1399 1019 1458 nullo
1047 1400 1218 1458 modo
1244 1396 1420 1473 videri
1446 1380 1638 1476 potest
1660 1399 1967 1476 quidquam
1998 1418 2128 1458 esse
2155 1395 2307 1471 utile,

193 1524 222 1535 a
305 1484 462 1562 quod
499 1502 616 1543 non
661 1485 953 1544 honestum
995 1485 1082 1543 sit.
1189 1484 1390 1561 Itaque
1436 1483 1565 1543 talis
1605 1483 1689 1541 vir
1730 1503 1845 1542 non
1883 1463 2061 1543 modo
2101 1485 2302 1555 facere,

305 1571 410 1629 sed
437 1587 512 1628 ne
542 1570 791 1646 cogitare
826 1569 1052 1648 quidem
1092 1568 1397 1649 quidquam
1442 1567 1701 1643 audebit,
1759 1569 1916 1646 quod
1958 1588 2078 1627 non
2102 1569 2307 1627 audeat
2408 1594 2409 1613 ι

304 1655 647 1734 praedicare.
731 1655 892 1714 Haec
918 1674 1046 1713 ιιοιι
1086 1660 1254 1733 turpe
1285 1660 1374 1714 est
1415 1653 1671 1714 dubitare
1709 1646 2075 1733 philosophos
2096 1697 2117 1728 ,
2163 1671 2301 1729 quae
2408 1666 2409 1673 ¹

306 1757 384 1798 ne
407 1738 598 1799 rustici
623 1740 847 1817 quidem
875 1736 1175 1799 dubitent?
1216 1759 1253 1797 a
1296 1739 1495 1816 quibus
1521 1743 1713 1801 natum
1741 1747 1830 1798 est
1854 1740 1937 1814 id,
1963 1739 2124 1815 quod
2151 1734 2297 1817 [iam]

217 1888 220 1895 p
308 1826 608 1883 contritum
642 1832 729 1885 est
753 1830 1030 1885 velustate
1051 1824 1427 1902 proverbium.
1514 1822 1698 1891 Quum
1735 1825 1885 1884 enim
1886 1824 2102 1883 fidem
2140 1822 2302 1883 aiicu-

307 1909 393 1967 ius
419 1909 836 1987 bonitatemque
860 1908 1118 1971 laudant:
1131 1909 1386 1984 dignum
1420 1927 1542 1968 esse
1569 1908 1760 1967 di'cunt
1812 1911 2034 1988 quicum
2070 1911 2133 1968 in
2162 1913 2294 1966 tene-

308 1995 421 2052 bns
468 1997 643 2052 mz'.ces
742 1995 871 2053 Hoc
915 2013 1083 2070 quam
1124 1994 1294 2053 habet
1338 1995 1449 2052 vim
1486 1992 1599 2051 nisi
1635 1993 1818 2068 illam,
1859 1993 2001 2051 nihil
2039 1992 2299 2073 expedire

309 2070 466 2155 quod
489 2096 605 2136 non
645 2077 878 2154 deceat,
922 2080 1139 2137 etiamsi
1165 2079 1229 2138 id
1263 2079 1443 2158 possis
1481 2076 1633 2136 nullo
1676 2037 1970 2139 refel’lente
2006 2068 2298 2158 obtinere?

308 2166 416 2228 78
456 2161 704 2223 Videsne
732 2164 839 2222 hoc
882 2164 1174 2243 proverbio
1219 2182 1404 2239 neque
1448 2164 1601 2239 Gygi
1641 2162 1719 2221 illi
1745 2183 1916 2243 posse
1937 2165 2165 2223 veniam
2186 2161 2299 2221 dari

307 2266 508 2329 neque
516 2246 720 2323 huic,
709 2268 875 2327 quem
901 2248 1088 2327 paullo
1125 2253 1258 2309 ante
1288 2248 1570 2327 fingebam
1611 2249 1919 2347 digitorum
1943 2244 2297 2328 percussione

306 2324 654 2394 hereditates
689 2336 929 2393 omnium
969 2353 1139 2414 posse
1175 2332 1563 2395 converrere?⁸
1601 2332 1688 2394 Ut
1716 2336 1894 2406 enim,
1905 2331 2100 2412 'qnod
2138 2338 2298 2411 turpe
2410 2368 2412 2403 Ι

235 2416 248 2427 “
307 2424 432 2490 est,
472 2419 553 2492 id,
595 2420 843 2517 quamvis
875 2419 1210 2494 occultetur,
1250 2425 1440 2480 tamen
1470 2419 1767 2479 honestum
1792 2408 1918 2479 fieri
1953 2416 2106 2478 nullo
2136 2417 2296 2476 modo
2410 2424 2412 2449 ¹

305 2508 532 2589 potest:
574 2504 671 2576 sic,
714 2505 870 2582 quod
893 2504 1188 2565 honestum
1225 2524 1341 2564 non
1368 2512 1474 2580 est,
1516 2492 1577 2563 id
1611 2505 1742 2566 utile
1776 2510 1842 2565 ut
1864 2505 1979 2580 sit,
2014 2503 2168 2564 effici
2193 2500 2317 2562 non'
2410 2582 2412 2593 Ι

301 2593 528 2668 potest,
571 2590 900 2649 adversante
930 2596 990 2650 et
1009 2590 1359 2669 repugnante
1380 2596 1592 2651 natura.
1674 2622 1679 2629 ·

435 2671 565 2730 XX.
622 2679 725 2740 79.
782 2675 897 2749 „At
940 2677 1084 2734 enim
1102 2718 1121 2749 ,
1162 2692 1329 2752 quum
1371 2694 1677 2755 permagna
1708 2674 1961 2754 praemia
2002 2677 2171 2747 sunt,
2221 2674 2300 2731 est

306 2775 473 2818 causa
499 2761 827 2836 peccandi.“
911 2760 977 2820 C.
1004 2760 1217 2819 Marius
1246 2780 1416 2837 quum
1454 2780 1488 2819 a
1523 2780 1622 2840 spe
1650 2756 1966 2818 consulatus
2004 2757 2179 2834 longe
2208 2756 2298 2815 ab·

310 2848 461 2902 esset
485 2844 580 2901 et
565 2862 675 2904 iam
707 2845 998 2924 septimum
1030 2858 1233 2904 annum
1257 2848 1385 2924 post
1412 2851 1726 2924 praeturam
1752 2846 1963 2903 iaceret
1991 2861 2182 2920 neque
2206 2860 2300 2919 pe-

304 2928 508 2986 titurus
531 2946 775 3006 unquam
797 2930 1141 2989 consuiatum
1167 2932 1474 2990 videretur:
1520 2931 1593 2999 Q.
1624 2928 1934 3015 Metellum,
1965 2927 2120 2986 cuius
2152 2927 2303 3002 lega·

307 3018 402 3070 tus
431 3018 581 3086 erat,
620 3032 892 3073 summum
934 3016 1113 3074 virum
1140 3022 1199 3076 et
1241 3016 1446 3091 civem,
1488 3036 1662 3094 quum
1705 3015 1777 3074 ab
1820 3033 1921 3087 eo,
1960 3013 2296 3110 imperatore

153 3152 160 3163 ,
307 3115 447 3169 suo,
486 3097 729 3157 Romam
769 3101 967 3158 missus
1009 3107 1185 3175 esset,
1229 3102 1387 3183 apud
1410 3101 1678 3180 populum
1696 3101 2016 3160 Romanum
2050 3097 2297 3157 crimina-

307 3187 401 3241 tus
440 3187 559 3255 est,
617 3183 810 3242 hellam
846 3185 1005 3243 illum
1054 3178 1274 3257 ducere5
1328 3190 1382 3245 si
1414 3205 1468 3244 se
1516 3186 1777 3245 consulem
1806 3184 2108 3262 fecissent,
2159 3181 2297 3239 brevi

237 3340 242 3347 ἡ
309 3272 552 3344 tempore
576 3273 676 3326 aut
705 3272 885 3328 vivum
916 3277 1017 3330 aut
1038 3279 1300 3331 mortuum
1326 3269 1656 3347 Iugurtham
1680 3290 1739 3330 se
1762 3290 1818 3329 ιιι
1850 3273 2177 3348 potestatem
2204 3285 2298 3344 po-

297 3352 425 3432 puli
463 3351 707 3421 Romani
726 3354 1080 3415 redacturum.
1163 3357 1364 3433 Itaque
1390 3360 1569 3416 factus
1597 3363 1687 3417 est
1710 3355 1799 3416 iile
1824 3354 2077 3453 quidem·
2083 3348 2299 3423 consul;

245 3516 248 3519 Ι
309 3438 411 3495 sed
451 3456 488 3496 a
524 3438 640 3498 fide
673 3440 991 3516 iustitiaque
1032 3442 1321 3519 discessit,
1379 3443 1477 3519 qui
1516 3443 1792 3542 optimum·
1820 3445 1879 3499 et
1916 3439 2295 3517 gravissimum

307 3522 516 3620 civem,
559 3524 711 3583 cuius
750 3522 970 3601 legatus
1010 3532 1070 3585 et
1096 3545 1132 3584 a
1158 3546 1272 3604 quo
1313 3528 1511 3587 missus
1552 3534 1734 3604 esset,
1774 3527 1833 3585 in
1860 3522 2135 3584 invidiam
2160 3519 2290 3581 falso

251 3605 532 3671 erimine
559 3606 869 3672 adduxerit.
956 3612 1059 3677 80.
1102 3611 1197 3673 Ne
1237 3618 1430 3676 noster
1455 3614 1680 3693 quidem
1710 3610 2079 3703 Gratidianus
2114 3605 2292 3669 officio
