2417 3967
346 257 435 321 84
775 253 1302 338 c1cEnoN1s
1340 253 1463 319 m:
1505 214 1932 318 ormcns

351 408 537 473 studia
547 409 909 489 institutaque
931 409 1280 491 impellimur,
1298 409 1626 491 plerumque
1648 416 1839 472 autem
1859 409 2321 491 parentiumpne-

271 522 276 527 ·
351 494 526 573 ceptis
561 496 758 556 imbuti
798 497 874 555 ad
907 516 1099 556 eorum
1147 496 1604 557 consuetudinem
1650 515 1972 574 moremque
2008 496 2322 556 deducimur.

353 577 462 637 Alii
486 578 856 640 multitudinis
881 580 1084 640 iudicio
1108 583 1360 642 seruntur
1373 625 1392 656 ,
1435 599 1690 659 quaeque
1713 580 1909 641 maiori
1932 581 2079 660 parti
2099 579 2323 660 pulcher-

352 664 495 724 rima
533 666 828 745 videntur,
865 683 935 725 ea
962 666 1200 727 maxime
1228 672 1526 746 exoptant3
1566 665 1816 739 nonnulli
1847 671 2037 725 tamen
2075 666 2191 725 sive
2224 663 2323 726 feli·

354 748 525 810 citate
546 750 789 827 quadam
812 750 930 810 sive
950 751 1201 813 bonitate
1226 757 1460 810 naturae
1481 750 1600 810 sive
1621 751 1938 830 patentium
1955 750 2240 830 disciplina
2256 768 2326 810 re·

263 904 278 917 f
357 839 508 897 ctam
533 836 682 896 vitae
706 836 879 896 secuti
899 841 1031 895 sunt
1049 836 1209 896 viam.
1294 834 1556 895 XXXIII.
1603 838 1743 900 119.
1786 832 1928 895 Illud
1966 841 2158 896 autem
2186 833 2326 895 maxi-

359 936 453 980 me
471 937 659 980 rarum
683 938 861 997 genus
889 925 977 981 est
1000 938 1228 995 eorum,
1272 923 1370 999 qui
1394 926 1494 980 aut
1523 920 1860 980 excellente
1846 921 2039 998 ingeni
2081 921 2327 998 magnin-

323 1008 332 1013 “
360 1004 496 1066 dine
515 1009 618 1065 aut
640 1003 924 1084 praeclara
949 1005 1261 1065 eruditione
1296 1012 1469 1082 atque
1499 1004 1755 1069 doctrina
1789 1011 1886 1065 aut
1912 1010 2155 1084 utraque
2184 1025 2243 1065 re
2262 1021 2328 1063 or·

359 1090 481 1149 nati
496 1090 737 1169 spatium
762 1090 930 1150 etiam
943 1089 1287 1151 deliberandi
1302 1089 1625 1163 babuerunt,
1652 1109 1820 1169 quem
1838 1090 2193 1189 potissimum
2215 1092 2327 1150 viae

363 1192 583 1234 cursum
604 1174 767 1251 sequi
790 1173 1022 1235 vellent.
1047 1175 1105 1234 in
1134 1195 1249 1254 qua
1274 1174 1674 1245 deliberatione
1699 1175 1774 1235 ad
1790 1195 1953 1235 snam
1974 1174 2243 1255 cuiusque
2256 1192 2330 1233 m·

275 1332 288 1337 -
360 1267 549 1318 turam
574 1257 860 1319 eonsilium
884 1265 973 1320 est
999 1278 1165 1320 omne
1182 1261 1574 1320 revocandum.
1625 1258 1779 1321 Nam
1802 1270 1974 1337 quum
1996 1263 2062 1320 in
2092 1260 2330 1330 omnibus,

363 1348 802 1421 quaeaguntnr,
843 1363 1033 1418 exeo,
1074 1363 1188 1423 quo
1232 1346 1402 1405 modo
1442 1345 1679 1424 quisque
1713 1351 1883 1405 natus
1927 1350 2064 1421 est,
2109 1352 2173 1406 ιιι
2203 1361 2332 1424 supa

363 1428 598 1488 dictum
585 1433 710 1503 est,
748 1429 882 1508 quid
903 1430 1102 1489 deceat
1121 1430 1486 1507 exquirimus3
1520 1432 1684 1490 tum
1667 1448 1726 1490 m
1748 1435 1873 1490 tota
1888 1431 2006 1490 vita
2025 1432 2333 1491 constituen-

364 1513 443 1574 da
469 1512 647 1574 multo
674 1519 766 1574 est
804 1514 858 1575 ei
885 1515 967 1576 rei
994 1533 1127 1574 cura
1158 1515 1338 1575 maior
1371 1514 1718 1592 adhibenda,
1759 1520 1823 1574 ut
1852 1520 2124 1577 constare
2156 1517 2214 1576 in
2237 1532 2332 1596 pet·

363 1599 644 1680 petuitate
666 1600 817 1660 vitae
839 1600 1118 1678 possimus
1133 1600 1416 1661 nobismet
1442 1601 1576 1680 ipsis
1598 1619 1703 1661 nec
1721 1601 1778 1660 in
1805 1599 1920 1659 ullo
1946 1599 2145 1660 officio
2168 1599 2333 1661 claudi-

363 1702 510 1744 care.
595 1686 738 1750 120.
779 1682 875 1744 Ad
910 1684 1052 1745 hanc
1086 1690 1275 1745 autem
1296 1687 1586 1751 ,rationem
1619 1684 1885 1764 quoniam
1921 1686 2224 1746 maximam
2254 1684 2333 1743 viu

363 1775 566 1828 natura
596 1766 800 1842 habet,
863 1770 1091 1830 fortuna
1134 1770 1467 1849 proximam
1504 1769 1799 1848 utriusque
1836 1769 2072 1831 omnino
2114 1768 2334 1832 habenda

364 1853 513 1913 ratio
539 1857 630 1914 est
658 1853 715 1912 in
729 1852 1030 1931 deligendo
1063 1873 1273 1932 genere
1296 1855 1480 1932 vitae,
1520 1856 1625 1917 sed
1645 1860 1881 1916 naturae
1904 1855 2114 1933 magis.
2196 1852 2332 1916 Multo

368 1938 527 1999 enim
542 1942 602 1998 et
628 1937 838 1998 firmior
859 1944 946 1998 est
990 1944 1051 2000 et
1074 1941 1452 2015 constantior,
1487 1945 1551 2001 ut
1574 1942 1799 2001 fol-turia
1819 1958 2229 2021 nonnunquam
2248 1940 2334 2019 ip&

368 2051 462 2071 --
482 2021 730 2081 mortalis
771 2041 895 2083 mm
916 2023 1213 2085 immortali
1243 2030 1447 2085 natura
1481 2044 1739 2105 pugnare
1771 2025 2043 2086 videatur.
2140 2025 2274 2098 Qui
2262 2021 2334 2101 igi·

367 2116 462 2167 tur
482 2106 559 2166 ad
584 2102 821 2168 naturae
847 2125 997 2169 suae·
1009 2128 1126 2170 non
1149 2111 1386 2171 vitiosae
1425 2130 1603 2189 genus
1630 2109 1915 2172 consilium
1949 2109 2186 2173 vivendi
2213 2125 2336 2170 om

369 2189 704 2265 contulerit,
745 2192 796 2250 is
832 2195 1200 2253 constantiam
1239 2201 1456 2255 teneat:
1512 2196 1573 2254 id
1604 2196 1750 2257 enim
1793 2196 2035 2256 maxime
2050 2198 2335 2271 decen-

368 2276 481 2337 nisi
504 2277 650 2337 sorte
663 2296 726 2337 se
748 2276 1074 2340 intellexerit
1096 2298 1311 2340 errasse
1334 2280 1393 2338 in
1418 2281 1721 2357 deligendo
1744 2299 1951 2357 genere
1975 2282 2153 2342 vitae.
2206 2238 2335 2351 duod

372 2362 425 2420 si
445 2360 737 2423 acciderit.
769 2359 989 2441 (potest
1012 2369 1201 2424 autem
1226 2366 1477 2425 accidere
1488 2366 1536 2440 :)
1563 2365 1821 2425 facienda
1841 2384 2062 2425 morum
2091 2367 2334 2427 instituto-

370 2463 602 2523 rumque
619 2447 858 2505 mutatio
887 2453 991 2508 est.
1076 2448 1217 2507 Eam
1239 2451 1600 2511 mutationem
1643 2450 1690 2509 si
1723 2454 1978 2530 tempora
2002 2452 2336 2512 adiuvabmt'

372 2529 584 2591 facilius
618 2531 1068 2611 commodiusque
1099 2533 1399 2607 faciemus3
1439 2536 1541 2595 sin
1554 2536 1765 2596 minus:
1807 2534 2018 2596 sensim
2055 2537 2175 2597 erit
2203 2533 2336 2627 pede·

371 2614 682 2692 tentimque
704 2616 1079 2691 facienda,--
1102 2624 1169 2678 ut
1190 2619 1480 2697 amicitias,
1502 2639 1646 2699 quae
1670 2620 1848 2681 minus
1877 2619 2169 2682 delectent
2193 2626 2245 2681 et
2266 2614 2336 2677 mi·

372 2716 482 2763 nus
499 2701 838 2780 probentur,
879 2702 1059 2779 magis
1082 2703 1281 2765 decere
1309 2712 1541 2766 censent
1566 2705 1846 2785 sapientes
1883 2706 2099 2767 sensim
2131 2707 2336 2766 dissuere

371 2801 543 2862 quam
568 2791 812 2875 repente
827 2787 1166 2866 praecidere.
1250 2792 1392 2856 121.
1435 2791 1789 2850 Commutato
1817 2795 2009 2852 autem
2047 2809 2252 2869 genere
2280 2784 2337 2845 vi‘

303 2896 314 2904 ·
372 2873 471 2929 tae
496 2872 649 2933 omni
672 2854 891 2934 ratifme
914 2872 1218 2933 curandum
1247 2881 1368 2949 est,
1410 2881 1475 2935 ιιι
1506 2876 1565 2935 id
1602 2876 1754 2937 bono
1791 2873 2023 2935 consilio
2056 2877 2253 2937 secisse
2279 2889 2335 2928 vt·

375 2952 623 3038 deamur.
705 2956 824 3015 Sed
853 2957 1119 3035 quoniam
1146 2959 1331 3039 paullo
1355 2966 1488 3021 ante
1527 2961 1737 3029 dictum
1777 2965 1865 3023 est
1894 2960 2206 3021 imitandos
2245 2969 2336 3019 esse

375 3034 645 3098 maiores:
685 3039 920 3120 primum
963 3042 1101 3103 illud
1141 3050 1428 3124 exceptum
1473 3047 1582 3119 sit,
1639 3065 1713 3106 ne
1752 3045 1883 3106 vitia
1920 3045 2036 3105 sint
2076 3041 2335 3107 imitanti-³3

376 3121 603 3198 deinde,
643 3124 692 3182 si
715 3130 915 3187 natura
942 3145 1059 3186 non
1081 3128 1247 3201 feret,
1280 3135 1342 3188 ιιι
1366 3132 1640 3206 quaedam
1662 3130 1864 3191 imitari
1886 3130 2097 3209 possit:
2122 3136 2187 3190 ut
2209 3141 2335 3204 supe·

249 3252 256 3257 .
376 3206 535 3267 rioris
574 3207 719 3267 filius
761 3208 1035 3284 Africani,
1078 3213 1174 3289 qui
1220 3213 1367 3273 hunc
1382 3213 1584 3274 Paullo
1626 3220 1820 3276 natum
1865 3216 2192 3295 adoptavit,
2235 3225 2335 3292 ΡΝ·

367 3290 508 3371 pter
528 3291 904 3353 infirmitatem
926 3294 1253 3356 valetudinis
1296 3318 1409 3359 non
1434 3305 1551 3359 tam
1594 3302 1778 3380 potuit
1811 3300 1987 3380 patris
2015 3300 2205 3360 similis
2227 3308 2334 3363 δῦθι

377 3393 546 3452 quam
569 3375 661 3437 ille
685 3378 866 3438 fuerat
894 3381 1018 3451 sui3
1045 3412 1118 3424 -—
1158 3382 1208 3439 si
1230 3382 1399 3457 igitur
1416 3404 1531 3453 uon
1556 3386 1764 3486 poterit
1793 3389 1911 3445 sive
1949 3404 2146 3444 causas
2182 3380 2336 3441 defen·

379 3461 554 3520 sitare
577 3462 694 3520 sive
715 3463 984 3540 populum
1007 3465 1361 3526 concionibus
1376 3474 1568 3531 tenere
1590 3471 1706 3530 sive
1732 3471 1881 3531 bella
1902 3489 2129 3546 gerere.
2172 3467 2253 3526 illa
2270 3468 2333 3522 tt·

380 3560 530 3605 men
535 3551 826 3625 praestare
855 3547 1084 3623 debebit
1104 3567 1250 3627 quae
1278 3556 1482 3614 erunt
1465 3574 1523 3615 m
1544 3555 1715 3636 ipsius
1737 3560 2056 3638 potestate,
2102 3548 2332 3615 iustitiam

2374 294 2380 409 1
