2417 3967
365 210 454 279 w
533 268 540 281 ,
785 202 1316 270 CICERONIS
1358 207 1477 271 DE
1522 207 1939 271 OFFICIIS

281 342 302 399 Ῐ
363 371 428 425 et
452 362 757 425 Atticorum
795 354 1026 440 antiqua
1056 361 1378 437 comoedia,
1421 364 1523 424 sed
1558 362 1728 424 etiam
1765 360 2213 442 philosophum
2244 358 2343 419 So-

363 450 698 510 craticorum
716 448 838 509 libri
860 449 1048 508 referti
1074 456 1222 524 sunt,
1264 449 1546 527 multaque
1566 449 1865 509 multorum
1880 450 2058 508 facete
2081 447 2253 507 dicta.
2288 448 2343 505 ut

365 553 435 596 ea
472 553 620 611 quae
662 553 697 594 a
733 553 868 594 seue
899 534 1121 594 Catone
1157 533 1387 594 collecta
1435 540 1599 610 suut,
1655 553 1803 636 quae
1834 538 2038 592 vocant
2078 525 2342 633 ἀποφθέ-

362 642 576 703 γματα.
624 620 826 681 Facilis
852 619 1023 695 igitur
1047 626 1135 680 est
1157 619 1475 680 distinctio·
1460 621 1690 697 ingenui
1713 626 1772 680 et
1792 617 2102 679 illiberalis’
2088 618 2212 677 ioci.
2262 613 2341 675 Al·-

301 706 314 721 '
361 713 450 768 ter
479 712 598 780 est,
643 706 691 764 si
717 711 972 784 tempore
1002 703 1099 778 fit,
1140 706 1372 765 remisso
1395 705 1621 766 homine
1644 706 1879 783 dignus3
1918 703 2063 764 alter
2080 723 2159 764 ne
2172 702 2341 761 ’libem

319 849 326 853 .
363 792 622 869 quidem,
663 791 712 851 si
734 810 918 850 rerum
944 789 1232 869 turpitudo
1262 790 1555 850 adhibetur
1576 796 1675 850 aut
1708 790 2003 850 verbenam
2028 787 2339 849 obscenius.

263 902 272 907 ’
324 911 328 917 ‚
361 874 624 937 Ludendi
666 872 836 936 etiam
891 882 979 936 est
1021 874 1249 952 quidam
1296 877 1494 935 modus
1547 877 1904 951 retinendus,
1959 880 2023 933 ut
2075 894 2157 935 ne
2203 872 2337 932 nimis

225 1952 240 1957 ,
349 1901 455 1962 sed
506 1901 554 1959 si
604 1901 729 1978 quis
795 1907 884 1961 est
934 1898 1121 1979 paullo
1180 1900 1450 1974 erectior,
1517 1900 1771 1979 quamvis
1824 1899 2124 1979 voluptate
2176 1897 2329 1978 cupit·

362 965 548 1023 omnia
574 962 973 1041 profundamus
1003 960 1243 1038 elatique
1269 960 1604 1039 voluptate'
1587 980 1646 1020 m
1685 961 1924 1038 aliquam
1958 959 2337 1040 turpitudinen

362 1048 701 1109 delabamur.
785 1046 1166 1127 Suppeditant
1189 1052 1376 1107 autem
1403 1052 1464 1108 et
1487 1065 1715 1127 campus
1741 1051 1935 1108 noster
1963 1053 2021 1107 et
2054 1046 2242 1106 studia
2262 1060 2337 1103 ve·

359 1133 531 1195 nandi
556 1133 794 1192 honesta
815 1130 1067 1211 exempla
1096 1130 1347 1192 ludendi
1468 1150 1479 1155 ’
2382 1144 2385 1243 Α

488 1218 674 1278 ΧΧΧ.
722 1218 863 1284 105.
888 1218 1007 1276 Sed
1034 1218 1277 1295 pertinet
1297 1217 1374 1277 ad
1396 1235 1618 1279 omnem
1639 1217 1790 1277 offici
1810 1214 2205 1301 quaestionem
2220 1230 2336 1275 sem·

358 1322 466 1384 per
484 1304 544 1363 in
576 1308 840 1387 promptu
862 1301 1101 1376 habere,
1141 1309 1427 1381 quantum
1436 1309 1634 1364 natura
1658 1303 1893 1363 honunis
1921 1302 2246 1401 pecudibus
2265 1317 2334 1358 ιι-

354 1388 630 1467 liquisque
667 1388 844 1448 beluis
886 1388 1196 1447 antecedat.
1280 1388 1414 1450 lllae
1437 1388 1570 1447 nihil
1606 1389 1854 1449 sentiunt
1879 1387 1987 1445 nisi
2017 1387 2385 1481 voluptatem

356 1474 434 1534 ad
463 1493 698 1552 eamque
716 1475 969 1533 feruntur
989 1473 1141 1533 omni
1168 1474 1411 1555 impetu3
1435 1473 1673 1533 hominis
1695 1479 1882 1533 autem
1905 1490 2072 1533 mens
2092 1452 2385 1551 discendo

353 1559 523 1620 alitur
560 1565 618 1620 et
653 1558 953 1637 cogitando
970 1601 989 1634 ,
1034 1576 1258 1638 semper
1294 1559 1501 1637 aliquid
1542 1566 1644 1620 aut
1669 1559 1947 1636 anquirit·
1953 1563 2061 1618 aut
2090 1557 2238 1634 agit,
2270 1554 2331 1615 vi·
2384 1574 2385 1621 ι

354 1645 639 1723 dendique
673 1651 734 1705 et
759 1644 1018 1707 audiendi
1046 1643 1417 1705 delectatione
1445 1644 1677 1705 ducitur.
1763 1644 1916 1713 Quin
1942 1642 2123 1704 etiam
2163 1642 2213 1702 si
2234 1657 2345 1719 qma,

273 1760 280 1771 ·
355 1736 442 1793 est
477 1729 666 1812 paullo
701 1730 778 1790 ad
816 1729 1128 1809 voluptates
1168 1730 1527 1810 propensior,
1564 1730 1736 1791 modo
1771 1746 1851 1789 ne
1866 1728 1950 1788 sit
1981 1747 2055 1788 ex
2086 1728 2329 1810 pecuda

345 1833 589 1895 'genere3
644 1815 819 1916 (sunt
856 1816 1006 1876 enim
1044 1815 1271 1893 quidam
1307 1814 1560 1876 homines
1597 1834 1714 1875 ιιοιι
1751 1834 1845 1889 re,
1901 1813 2007 1874 sed
2055 1811 2328 1886 ιιοωίιιιι)

348 1993 464 2046 tur:
520 1986 764 2045 occultat
805 1992 864 2055 et
909 1983 1217 2045 dissimulat
1246 1986 1576 2064 appetitum
1616 1985 1915 2065 voluptatis
1970 1992 2211 2065 propter
2253 2001 2327 2042 vc-

329 2070 685 2132 'r'ecundiam.
764 2073 916 2136 106.
958 2069 1045 2130 Ex
1066 2089 1179 2148 quo
1204 2069 1556 2147 intelligitur,
1597 2069 1844 2150 corporis
1868 2068 2327 2149 voluptutem-uu

267 2214 299 2231 ,t
351 2155 491 2215 satis
528 2174 655 2216 esse
704 2154 934 2234 dignam
978 2155 1215 2215 hominis
1270 2156 1643 2234 praestantia,
1698 2172 1934 2233 eamque
1970 2155 2251 2217 contemni
2276 2157 2324 2212 et

345 2239 496 2300 reiici
520 2246 811 2320 oportere;
853 2242 936 2301 sin
970 2241 1044 2301 sit
1074 2240 1348 2320 quispiam
1366 2283 1386 2314 ,
1425 2241 1761 2320 qui=aliquid
1799 2241 2011 2301 tribuat
2053 2236 2324 2320 voluptati:

346 2324 645 2404 diligenter
668 2327 720 2388 ei
753 2328 1055 2391 tenendum
1092 2344 1216 2386 esse
1254 2325 1371 2386 eius
1412 2327 1683 2388 fruendae
1720 2326 1969 2387 modum.
2042 2326 2241 2404 Itaque
2262 2321 2324 2382 vi-

346 2416 468 2473 ctus
495 2411 786 2490 cultusque
801 2413 1047 2492 corporis
1071 2411 1146 2470 ad
1168 2410 1538 2472 valetudinem
1563 2412 1835 2473 reseratur
1861 2414 1920 2470 et
1949 2411 2028 2472 ad
2043 2414 2211 2485 vires,
2234 2424 2321 2469 ιοιι

345 2498 426 2557 ad
468 2497 827 2575 voluptatem.
909 2495 1101 2575 Atque
1128 2498 1294 2556 etiam
1328 2496 1375 2554 si
1414 2497 1764 2558 considerare
1802 2496 2059 2559 volumus
2102 2515 2244 2576 quae
2268 2492 2321 2552 aa

343 2582 406 2642 in
430 2587 630 2643 natura
657 2581 894 2643 hominis
920 2581 1239 2644 excellentia
1266 2586 1325 2641 et
1351 2582 1625 2659 dignitas,
1665 2579 2042 2657 intelligemus
2086 2599 2251 2661 quam
2266 2577 2322 2638 nit
2378 2594 2379 2603 ¹

343 2672 509 2746 turpe
539 2668 795 2730 diffluere
829 2664 1042 2726 luxuria
1064 2671 1125 2727 et
1153 2664 1392 2727 delicate
1431 2685 1500 2726 ac
1525 2666 1761 2728 molliter
1780 2665 1968 2729 vivere
1982 2711 2006 2748 ‚
2051 2686 2223 2749 quam
2241 2665 2320 2725 ho-

329 2758 574 2814 nestum
590 2771 789 2830 parce,
830 2753 1205 2826 continenter,
1247 2769 1476 2827 severe,
1519 2753 1723 2813 sobrie.

476 2840 617 2902 107.
657 2836 1079 2914 Intelligendum
1112 2836 1282 2898 etiam
1321 2842 1442 2911 est,
1487 2838 1703 2898 duabus
1741 2836 1901 2916 quasi
1935 2856 2046 2899 nos
2081 2856 2121 2899 a
2148 2839 2315 2899 mm

338 2902 569 2985 indutos
595 2941 732 2983 esse
746 2923 1021 3002 personis,
1066 2940 1299 3020 quarum
1322 2939 1435 2981 una
1463 2924 1766 2983 commanis
1808 2928 1901 2984 est
1939 2942 2013 2983 ex
2044 2943 2153 2996 eo,
2188 2913 2313 2999 qud
2354 2936 2363 2947 '

338 3026 534 3068 omnes
563 3008 860 3107 participes
885 3027 1073 3068 sumus
1098 3006 1327 3067 rationis
1366 3009 1853 3086 praestantiaeque
1899 3007 2061 3084 eius,
2106 3025 2217 3087 qua
2234 3020 2313 3064 ιι·

339 3092 640 3153 tecellimus
673 3080 894 3167 bestiis,
935 3113 971 3153 a
1005 3110 1122 3172 qua
1160 3110 1326 3153 omne
1366 3091 1693 3158 honestum.
1703 3095 2079 3172 decorumque
2109 3090 2312 3152 trahitur

338 3183 401 3240 et
428 3195 498 3237 ex
523 3194 635 3254 qua
662 3178 804 3236 ratio
831 3177 1151 3239 inveniendi
1177 3177 1331 3251 offici
1358 3178 1697 3254 exquiritur,
1738 3179 1916 3238 altera
1940 3186 2151 3255 autem,
2191 3188 2309 3253 qm
2374 3206 2375 3215 ¹

338 3262 565 3342 proprie
591 3259 820 3337 singulis
843 3268 933 3323 est
958 3264 1184 3321 tributa.
1268 3261 1352 3321 Ut
1366 3264 1515 3322 enim
1542 3263 1601 3322 in
1619 3263 1942 3342 corporibm
1960 3280 2201 3341 magnac
2216 3258 2307 3319 ffic-

340 3347 735 3407 similitudines
764 3353 925 3406 sunt.
965 3346 1132 3421 (alios
1160 3343 1356 3425 [enim]
1380 3348 1628 3407 videmus
1663 3347 1956 3409 velocitate
1991 3350 2066 3409 ad
2099 3358 2307 3412 curm.

231 3483 240 3491 .
341 3432 480 3491 alios
507 3431 710 3489 viribus
734 3430 811 3489 ad
832 3430 1149 3491 luctandum
1173 3432 1391 3505 valere3
1411 3429 1725 3533 itemque
1709 3452 1770 3493 ιιι
1790 3426 1985 3507 formis
2006 3432 2127 3493 aliis
2152 3424 2305 3506 ‹Qu-

341 3522 519 3576 tatem
543 3516 758 3609 inesse,
795 3515 916 3636 aliis
939 3518 1354 3593 venustatem-:J
1380 3516 1462 3578 sic
1489 3517 1551 3577 in
1588 3517 1784 3625 animis
1806 3516 2302 3581 exuistuntmcicm
