2417 3967
235 270 413 358 Lm.
455 288 528 363 It
585 295 783 359 cAP.
826 296 929 365 24.
972 296 1076 365 25.
1132 303 1201 362 et
1242 250 1557 362 LIBssm.
1614 295 1810 361 cAP.
1853 306 1913 369 1.
1995 304 2083 368 τι

83 448 378 512 officiorum
405 444 622 529 genus.'
686 454 789 519 90.
832 450 951 513 Sed
980 458 1104 512 toto
1130 451 1240 513 hoc
1263 455 1338 515 de
1374 473 1599 533 genere,
1642 455 1716 517 de
1745 457 2086 534 quaerenda,

33 612 42 615 =
81 538 153 597 de
173 537 494 597 collocanda
518 538 796 616 pecunia,
840 537 1037 599 vellem
1074 539 1242 600 etiam
1274 542 1347 600 de
1380 542 1624 616 utenda,
1666 543 2007 601 commodius
2047 561 2085 601 a

82 624 402 701 quibusdam
430 624 654 701 optimis
681 623 811 681 viris
837 625 928 682 ad
948 624 1143 683 Ianum
1172 627 1415 685 medium
1453 627 1777 686 sedentibus
1807 647 1975 704 quam
2012 627 2085 685 ab

79 707 200 767 ullis
224 705 563 787 philosophis
592 707 739 766 ulla
724 728 782 766 ιιι
814 707 1002 768 schola
1028 712 1358 790 disputatur.
1400 711 1546 769 Sunt
1568 717 1756 771 tamen
1782 730 1850 771 ea
1872 727 2113 788 cogno-⁸
2140 768 2147 777 ,

79 794 313 853 scenda.
354 792 637 873 pertinent
665 784 814 852 enim
840 793 917 852 ad
958 795 1282 870 utilitatem,
1327 797 1401 855 de
1435 815 1548 874 qua
1574 796 1681 855 hoc
1711 794 1855 857 libro
1891 797 2085 876 dispu-

79 884 255 939 tatum
279 885 382 941 est.
465 877 707 956 Reliqua
730 877 993 958 deinceps
1022 899 1437 959 persequemur.

478 1249 584 1321 M.
631 1249 986 1323 TULm
1056 1200 1696 1333 CICERONIS
1818 1212 1839 1225 ’

239 1566 250 1571 ἱ
389 1624 547 1700 ΑΙ)
625 1626 1216 1700 MARCUM
1291 1626 1767 1700 FILIUM
2138 1680 2155 1697 .

668 1778 972 1844 LIBER
1026 1777 1498 1847 TERTIUS.

74 2053 125 2112 1.
183 2057 239 2119 1.
296 2025 406 2112 P·
449 2041 804 2137 Scipionem,
845 2054 1039 2117 Marce
1072 2054 1186 2130 fili,
1231 2077 1357 2118 eum
1375 2101 1396 2132 ‚
1436 2058 1534 2136 qui
1561 2058 1773 2139 primus
1799 2050 2087 2114 Africanus

73 2144 392 2226 appellatus
436 2151 554 2221 est,
594 2146 768 2206 dicere
800 2146 1014 2205 solitum
1057 2147 1279 2224 scripsit
1320 2147 1466 2206 Cato
1482 2189 1502 2221 ,
1545 2147 1642 2223 qui
1677 2148 1784 2206 fuit
1823 2147 1938 2206 fere
1968 2145 2085 2205 eius

73 2230 364 2310 aequalis,
404 2229 741 2311 „Nunquam
772 2250 826 2289 sc
855 2235 1029 2290 minus
1058 2234 1282 2290 otiosum
1313 2249 1454 2307 esse,
1498 2251 1657 2310 quam
1687 2250 1846 2309 quum
1871 2233 2086 2303 otiosus,

70 2337 171 2378 nec
192 2318 370 2375 minus
394 2317 560 2380 solum
579 2362 597 2393 ,
642 2335 798 2397 quam
835 2335 995 2396 quum
1017 2315 1172 2374 *solus
1209 2319 1401 2376 esset.“
1483 2316 1783 2393 Magnifica
1817 2335 1950 2374 vero
1978 2333 2088 2374 vox

72 2410 139 2464 et
169 2419 379 2478 magno
399 2404 519 2462 viro
550 2422 618 2462 ac
640 2404 891 2483 sapiente
926 2402 1127 2478 digna:
1170 2420 1318 2479 quae
1340 2400 1590 2461 declarat
1613 2400 1767 2460 illum
1792 2406 1850 2460 et
1877 2401 1935 2459 in
1969 2400 2083 2458 otio

73 2489 152 2548 de
177 2486 421 2564 negotiis
445 2489 692 2565 cogitare
719 2495 777 2548 et
800 2488 857 2546 in
885 2486 1180 2549 solitudine
1205 2505 1395 2546 secum
1421 2486 1574 2564 loqui
1608 2485 1826 2545 solitum
1843 2530 1861 2560 ‚
1906 2491 1969 2544 ut
1984 2504 2086 2544 ne-

71 2592 198 2651 que
229 2579 474 2632 cessaret
492 2582 735 2652 unquam
774 2578 834 2633 et
865 2572 1143 2631 interdum
1177 2571 1455 2650 colloquio
1480 2571 1703 2637 alteriu‘s
1729 2590 1858 2629 non·
1873 2575 2085 2647 egeret.

66 2658 275 2736 Itaque
302 2654 448 2721 duae
483 2677 575 2719 res
592 2700 611 2732 ,
654 2677 799 2737 quae
822 2656 1146 2734 languorem
1176 2657 1418 2719 afferunt
1453 2658 1649 2717 ceteris
1666 2699 1686 2731 ,
1730 2656 1882 2714 illum
1919 2675 2088 2714 acue-

72 2745 216 2803 bant
230 2783 251 2815 ,
293 2742 468 2803 otium
510 2750 569 2804 et
612 2744 874 2803 solitudo.
957 2740 1172 2803 Vellem
1209 2742 1372 2801 nobis
1413 2741 1541 2802 hoc
1554 2742 1703 2802 idem
1738 2759 1872 2800 vere
1906 2740 2089 2800 dicere

65 2827 301 2901 liceret3
343 2829 447 2888 sed
477 2828 527 2887 si
548 2829 729 2889 minus
756 2827 1061 2888 imitatione
1083 2828 1337 2887 tantam
1323 2827 1511 2905 ingeni
1533 2812 1930 2907 praestantiam
1952 2843 2088 2884 con-

69 2914 242 2991 sequi
274 2931 568 2992 possumus
582 2956 601 2988 ,
642 2914 927 2974 voluntate
962 2918 1118 2972 certe
1154 2914 1404 2992 proxime
1442 2912 1769 2972 accedimus.
1854 2908 2004 2971 Nam
2030 2917 2089 2970 et

68 3018 110 3059 a
133 3018 202 3058 re
230 2997 455 3077 publica
474 2999 899 3078 forensibusque
935 2997 1175 3074 negotiis
1201 2998 1412 3057 armis'
1395 2999 1578 3077 impiis
1619 2998 1785 3075 vique
1822 2994 2088 3076 prohibiti

65 3085 254 3144 otium
283 3086 698 3163 persequimur,
741 3090 803 3144 et
824 3084 915 3158 ‚ob
945 3101 1069 3143 eam
1106 3101 1329 3142 causam
1367 3082 1508 3143 urbe
1545 3082 1734 3142 relicta
1766 3100 1897 3141 rura
1922 3099 2089 3162 pera-

66 3173 310 3248 grantes
336 3189 508 3250 saepe
544 3169 646 3228 soli
671 3188 878 3232 sumus.
960 3174 1020 3234 2.
1064 3168 1185 3228 Sed
1208 3187 1395 3246 neque
1422 3166 1531 3227 hoc
1564 3169 1738 3227 otium
1773 3186 1898 3228 cum
1933 3167 2085 3226 Afri-

63 3254 204 3315 cani
223 3253 345 3313 otio
364 3275 470 3316 nec
495 3253 635 3315 haec
655 3255 895 3315 solitudo
925 3272 1050 3313 cum
1090 3253 1183 3312 illa
1210 3254 1583 3334 comparanda
1623 3256 1723 3314 est.
1806 3252 1907 3312 Ille
1936 3252 2085 3310 enim

63 3339 432 3417 requiescens
456 3358 492 3400 a
510 3339 595 3400 rei
620 3339 875 3419 publicae
895 3338 1271 3418 pulcherrimis
1308 3339 1626 3398 muneribus
1653 3338 1829 3398 otium
1854 3337 1959 3397 sibi
1988 3355 2083 3395 su-

64 3424 271 3485 mebat
304 3424 602 3503 aliquando
645 3430 704 3485 et
740 3443 777 3484 a
813 3430 973 3484 coetu
1010 3423 1297 3486 hominum
1332 3425 1758 3502 frequentiaque
1789 3423 2084 3496 interdum,

63 3511 389 3588 tanquam
374 3529 440 3570 m·
467 3515 692 3590 portum
706 3553 726 3585 ,
762 3529 826 3569 se
846 3509 907 3569 in
945 3509 1301 3568 solitudinem
1326 3509 1656 3588 recipiebat;
1695 3514 1945 3568 nostrum
1980 3525 2083 3567 au-

61 3603 189 3657 tem
232 3594 412 3655 otium
442 3597 637 3673 negoti
670 3595 892 3678 inopia,
932 3612 1050 3656 non
1084 3593 1468 3675 requiescendi
1492 3594 1680 3654 studio
1720 3593 2081 3653 constitutum

163 3676 409 3744 C1caao
450 3697 529 3742 nn
572 3678 726 3744 Otr.
1708 3677 1754 3741 7
