2417 3967
565 223 733 320 Lm.
778 240 824 303 1.
859 290 867 301 ,
905 240 1103 303 car.
1151 244 1253 311 ιε.
1300 246 1543 313 19.‘2o.
1842 292 1881 341 -·
1973 245 2069 310 lo.

84 395 168 457 lud
187 396 431 459 odom
460 403 580 472 est,
619 398 854 476 quodin
881 395 988 458 hae
1014 395 1255 479 elatione
1284 404 1346 458 et
1364 398 1749 476 magnitudine
1772 398 1942 459 animi
1965 398 2052 459 aa·

82 482 254 545 cilliane
282 484 581 564 pertinacia
603 490 662 545 et
687 484 857 544 nimia
881 482 1155 563 cupiditas
1193 483 1531 564 principatus
1560 485 1882 545 innascitur.
1968 483 2054 545 Ut

81 568 206 628 enh
236 572 382 650 apud
412 569 704 630 Platonem
747 575 868 643 est,
927 587 1124 628 munem
1154 586 1347 635 morem
1388 568 1927 631 Lacedaemoniorum
1965 572 2054 629 in-

71 654 380 732 flammant
406 675 517 716 esse
537 653 838 734 cupiditate
876 653 1156 729 vincenda-7
1199 656 1312 729 sic,
1356 662 1419 717 ιιι
1447 655 1686 735 quisque
1722 656 1891 714 animi
1933 672 2051 715 ma-

75 740 335 816 gnitudine
373 741 616 802 maxime
656 738 908 815 excellit,
966 741 1047 800 ita
1083 722 1321 801 maxime
1357 741 1474 801 vult
1505 743 1764 823 princeps
1806 740 2081 802 omnium.

74 822 147 885 vel
162 826 509 906 potiussolus
541 845 684 887 esse.
746 825 990 887 Difficile
1015 832 1206 887 autem
1230 833 1336 899 est,
1366 846 1536 905 quum
1560 833 1848 907 praestare
1861 826 2051 886 omui·-

75 908 159 970 bus
181 912 555 1011 concipietis,
591 928 811 973 servare
832 912 1207 997 aequitatem,
1253 930 1399 990 quae
1426 918 1517 974 est
1540 913 1783 973 iustitiae
1812 912 2050 971 maxime
2086 955 2091 959 -

70 996 284 1075 propriu.
368 996 460 1056 Ex
501 1017 638 1075 quo
643 999 722 1058 fit
755 1002 819 1058 ut
842 1017 1026 1076 neque
1062 994 1470 1077 disceptatione
1501 998 1647 1058 vinei
1689 1016 1752 1057 se
1799 1015 1905 1056 nec
1935 995 2048 1058 ullo

67 1081 259 1161 publico
296 1102 363 1144 ae
402 1082 652 1161 legitimo
679 1085 808 1144 iure
850 1084 1132 1164 patiantur
1147 1124 1168 1157 ,
1214 1085 1592 1171 exsistuntque
1622 1084 1680 1143 in
1722 1100 1783 1143 re
1824 1081 2049 1162 publica
2088 1126 2103 1131 -

66 1163 361 1248 plerumque
384 1169 678 1246 largitores
705 1173 765 1229 et
801 1168 1052 1242 factiosi,
1094 1174 1157 1228 ιιι
1190 1188 1330 1249 opes
1358 1189 1527 1248 quam
1550 1168 1818 1228 maximas
1849 1185 2048 1228 eonse-

66 1259 303 1331 quantur,
348 1260 412 1317 et
433 1254 547 1314 sint
569 1255 625 1317 vi
650 1254 838 1334 potius
871 1251 1185 1334 superiores
1227 1274 1393 1333 quam
1417 1255 1627 1315 iustitia
1662 1273 1844 1334 pares».
1927 1252 2049 1314 Sed

65 1354 160 1413 quo
184 1334 487 1414 difficilius,
518 1338 625 1399 hoc
647 1338 998 1419 praeclarius.
1067 1338 1292 1399 Nullum
1322 1347 1412 1400 est
1437 1342 1585 1401 enim
1612 1348 1853 1419 tempus,
1894 1337 2049 1417 quod
2090 1334 2129 1389 f

63 1419 245 1484 iustitia
268 1442 472 1486 vaeare
493 1424 715 1486 debeat.
800 1424 902 1508 65.
940 1424 1141 1484 Fortes
1157 1425 1328 1502 igitur
1348 1432 1407 1485 et
1426 1425 1765 1502 magnanimi
1793 1432 1922 1483 ειιιιι
1944 1424 2048 1484 ha-

62 1505 211 1568 bendi
235 1526 349 1571 non
381 1510 481 1588 qui
503 1510 743 1583 faciunt,
779 1510 882 1570 sed
912 1509 1007 1586 qui
1049 1510 1382 1589 propulsant
1406 1511 1676 1577 iniuriam.
1761 1509 1913 1569 Vera
1947 1527 2048 1568 au-

60 1598 156 1654 tem
181 1600 238 1656 et
257 1597 491 1676 sapiens
521 1596 689 1655 annui
723 1593 1056 1672 magnitudo
1082 1593 1378 1654 honestum
1411 1594 1547 1654 illud
1562 1640 1585 1668 2
1624 1595 1777 1673 quod
1809 1595 2046 1656 maxime

57 1686 231 1741 naum
262 1682 547 1760 sequitur,
593 1678 653 1740 in
680 1680 844 1741 factis
867 1681 1133 1760 positum,
1175 1698 1291 1739 non
1323 1680 1381 1740 in
1409 1680 1584 1758 gloria
1607 1680 1844 1753 iudicat,
1887 1680 2045 1759 prin-
2090 1686 2115 1704 ‘
2242 1688 2256 1709 ⁸

56 1763 324 1846 cipemque
369 1784 432 1828 se
469 1785 594 1827 esse
631 1765 838 1827 mavult
870 1784 1040 1843 quam
1068 1765 1265 1825 videri.
1348 1764 1570 1826 Etenim
1609 1767 1706 1844 qui
1745 1785 1813 1827 ex
1855 1782 2047 1826 errore

55 1847 325 1933 imperitae
362 1850 727 1913 multitudinis
763 1852 1008 1930 pendet,
1049 1849 1139 1911 hic
1177 1851 1238 1910 in
1264 1852 1485 1929 magnis
1513 1852 1641 1911 viris
1673 1870 1790 1911 non
1824 1856 1916 1915 est
1942 1850 2045 1910 ha-

54 1932 266 1999 benum:
352 1937 637 1999 Facillime
660 1940 848 1996 autem
872 1938 949 1997 ad
973 1956 1063 1998 res
1092 1937 1325 2001 iniustas
1348 1937 1675 2017 impellitur,
1719 1944 1782 1997 ιιι
1805 1937 2046 2016 quisque

53 2019 297 2084 altisumo
321 2025 514 2089 animo
544 2029 666 2098 est,
708 2021 921 2100 gloriae
950 2023 1276 2123 cupiditate.
1358 2023 1477 2094 Qui
1505 2022 1656 2083 locus
1684 2028 1770 2084 est
1793 2042 1933 2083 sane
1958 2021 2045 2082 lu-

52 2104 245 2185 brims,
287 2109 451 2188 quod
477 2107 567 2168 vix
593 2108 901 2182 invenitm,
943 2108 1039 2185 qui
1057 2107 1343 2173 laboribus
1369 2110 1637 2188 susceptis
1675 2100 2045 2189 periculisque

52 2193 203 2253 aditis
225 2153 349 2255 ison
373 2195 537 2273 quasi
560 2193 871 2255 mercedem
895 2208 1078 2253 rerum
1094 2199 1376 2271 gestarum
1400 2195 1681 2254 desideret
1706 2195 1956 2272 gloriam.
2078 2266 2087 2273 ,

159 2278 289 2340 XX.
333 2283 441 2354 66.
470 2280 717 2340 Omnino
732 2278 890 2339 sortis
913 2279 1128 2339 animus
1157 2284 1215 2339 et
1237 2297 1473 2359 magnus
1498 2280 1713 2339 duabus
1738 2280 1904 2339 rebus
1921 2294 2044 2338 ma·

49 2362 177 2426 xime
202 2365 470 2441 cernitur,
487 2382 724 2444 quarum
745 2382 858 2423 una
883 2365 943 2423 in
971 2382 1154 2424 rerum
1180 2370 1532 2425 externarum
1560 2363 1923 2443 despicientia
1937 2380 2045 2443 po·-

46 2448 215 2525 nitur,
239 2470 436 2531 quum
460 2466 786 2531 persuasum
813 2449 885 2509 sit
911 2448 1047 2509 nihil
1081 2447 1395 2524 hominem,
1436 2449 1543 2510 nisi
1566 2450 1720 2528 quod
1747 2450 2042 2515 honestum

46 2534 410 2616 decorumque
443 2537 537 2611 sit,
581 2541 679 2596 aut
704 2535 965 2597 admirari
993 2539 1094 2594 aut
1119 2541 1318 2616 optare
1346 2540 1443 2595 aut
1462 2540 1730 2615 expetere
1759 2540 2042 2614 oportere,

43 2616 278 2703 nullique
313 2638 498 2701 neque
536 2621 745 2681 horiani
786 2638 970 2699 neque
998 2620 1401 2700 perturbationi
1428 2618 1597 2680 animi
1638 2639 1762 2691 nec,
1781 2622 2043 2681 fortunae
2090 2632 2095 2635 “
2174 2665 2185 2671 -
2219 2646 2227 2657 ’

44 2708 406 2769 sueemnbere.
489 2705 681 2766 Altera
720 2710 809 2766 est
843 2722 968 2779 res,
1009 2711 1099 2780 ut,
1141 2724 1311 2784 quum
1339 2707 1418 2764 ita
1452 2707 1527 2765 sis
1569 2704 1807 2766 affectus
1836 2705 2044 2779 animo,
2134 2782 2141 2795 ¹

43 2795 99 2848 ιιι
130 2808 299 2872 supra
328 2793 479 2871 dixi,
516 2811 608 2852 res
634 2809 798 2870 geras
819 2809 1055 2869 magnas
1079 2790 1197 2850 illas
1223 2792 1447 2869 quidem
1489 2797 1547 2852 et
1571 2792 1811 2851 maxime
1860 2789 2043 2867 utiles,

42 2876 136 2936 sed
161 2883 227 2938 ιιι
243 2877 600 2939 vehementer
619 2877 823 2936 arduas
848 2875 1153 2956 plenasque
1168 2875 1419 2936 laborum
1442 2882 1503 2937 et
1525 2876 1893 2955 periculorum
1919 2882 2042 2937 tum

40 2960 208 3036 vitae,
246 2967 368 3023 tum
391 2961 889 3023 multas-muretum
918 2980 1065 3040 quae
1094 2962 1170 3021 ad
1194 2962 1363 3021 vitam
1389 2958 1690 3041 pertinent.
1774 2965 1878 3029 67.
1917 2958 2043 3023 Ha-

40 3062 153 3107 rum
195 3065 381 3108 rerum
420 3049 656 3109 duarum
695 3046 958 3127 splendor
998 3043 1177 3106 omnis
1205 3050 1270 3110 et
1303 3046 1641 3127 amplitudo,
1680 3048 1832 3107 addo
1868 3046 2040 3109 etiam

40 3132 359 3208 utilitatem,
397 3133 458 3194 in
481 3112 795 3214 p6stefiore
821 3124 936 3205 ὧι;
976 3150 1146 3193 eausa
1169 3137 1355 3193 autem
1380 3139 1439 3193 et
1468 3134 1612 3192 ratio
1636 3132 1888 3195 efficiens
1918 3150 2040 3193 ma·

40 3233 173 3294 gnos
206 3217 355 3278 viros
382 3225 471 3280 est
499 3219 557 3279 in
580 3219 782 3299 priore.
865 3216 932 3277 In
962 3237 1030 3279 eo
1055 3222 1142 3279 est
1179 3217 1330 3281 enim
1363 3217 1532 3294 illud,
1571 3219 1729 3296 quod
1767 3218 2042 3280 excellen-

40 3308 117 3361 tes
137 3302 359 3363 ammos
389 3310 449 3364 et
469 3304 711 3365 humana
732 3294 1151 3365 contemnentes
1167 3302 1323 3363 facit.
1405 3300 1475 3364 Id
1504 3305 1727 3365 autem
1712 3323 1894 3384 ipsum
1918 3320 2038 3364 cer·

40 3387 178 3447 uitur
215 3387 279 3453 in
317 3389 564 3466 duobus,
606 3390 657 3450 si
696 3393 758 3451 et
794 3388 977 3450 solum
1019 3389 1079 3448 id
1092 3430 1113 3463 ,
1141 3387 1313 3467 quod
1350 3389 1649 3450 honestum
1681 3389 1785 3464 sit,
1826 3390 2038 3449 bonum

40 3472 241 3535 iudices
259 3513 282 3548 ,
322 3478 379 3534 et
405 3474 481 3536 ab
504 3476 658 3535 omni
681 3476 851 3539 animi
879 3473 1298 3555 perturbatione
1321 3472 1462 3536 liber
1491 3476 1589 3535 sis.
1669 3472 1821 3534 Nam
1850 3479 1908 3534 et
1942 3479 2035 3547 ea,

40 3576 176 3640 quae
209 3556 412 3620 eximia
449 3559 811 3715 pieriae-lueet
857 3558 1164 3683 praeclara
1176 3559 1467 3675 videntur,
1504 3559 1903 3641 pervadueere
1920 3575 2039 3621 ear
