2417 3967
662 270 835 375 mnf.
876 286 950 349 11.
1034 284 1229 369 cAP.
1273 289 1375 354 21.
1417 291 1521 355 22.
1769 251 1775 256 ’
1842 301 1853 315 ’
1924 242 1942 315 J
2008 280 2099 351 aa
2182 316 2193 335 ι

58 416 304 504 saecula
343 442 721 522 exspectanda
765 442 1018 502 filerunt!
1060 440 1241 503 Modo
1275 442 1423 503 euim
1467 438 1574 501 boc
1605 438 1809 501 malum
1852 402 1912 501 iu
1952 438 2099 502 hanc

55 546 188 591 ran
223 525 504 607 publicam
537 528 756 587 invasit.
839 529 1039 606 ltaque
1063 527 1228 587 facile
1254 529 1441 607 patior
1458 534 1595 587 tunc
1618 528 1807 606 potius
1835 526 2098 588 Pontium
2128 570 2147 576 κ
2212 520 2219 529 ’

54 615 254 673 fuisse
267 656 288 685 ,
334 612 390 691 ει
414 613 639 691 quidem
672 614 730 673 in
769 612 864 671 illo
891 618 1108 672 tantum
1147 614 1261 671 fuit
1301 612 1578 690 [roborisJ.
1663 610 1935 672 Nondum
1961 626 2103 673 cen—¹

51 704 188 759 tum
220 702 285 756 et
321 698 514 756 decem
535 699 668 757 anni
697 705 860 773 sunt,
905 714 1073 775 quum
1102 699 1177 758 de
1214 699 1462 776 pecuniis
1487 699 1811 777 repetundis
1837 715 1873 756 a
1898 697 1969 757 L.
1999 698 2098 759 Pi·-

54 801 220 844 sone
245 781 366 842 lata
386 781 478 843 lex
505 789 610 856 est,
652 782 804 843 nulla
831 789 1003 842 antea
1028 801 1196 860 quum
1223 782 1434 843 suisset.
1518 780 1596 841 At
1626 802 1759 842 vero
1789 789 1991 862 postea
2011 788 2099 842 tot

52 868 237 948 leges
251 909 271 940 ,
330 874 394 926 et
429 869 715 946 proximae
753 886 1012 946 quaeque
1056 869 1307 927 duriores
1324 909 1344 940 ,
1386 871 1486 940 sot
1528 868 1644 942 rei,
1699 873 1791 926 tot
1827 869 2098 944 damnati,

50 959 301 1014 tantum
354 950 603 1012 Italicum
641 952 844 1011 bellum
883 956 1119 1032 propter
1159 953 1486 1012 iudiciorum
1530 959 1742 1012 metum
1779 954 2097 1028 excitatum,

50 1046 244 1099 tanta
270 1036 504 1095 sublatis
533 1038 748 1114 legibus
776 1043 836 1098 et
870 1038 1087 1097 iudiciis
1121 1037 1383 1115 expilatio
1427 1039 1778 1116 direptioque
1805 1040 2098 1113 sociorum,

52 1131 126 1185 ut
173 1121 568 1183 imbecillitate
604 1122 834 1181 aliorum
851 1165 867 1197 ‚
911 1141 1024 1181 non
1066 1128 1261 1181 nostra
1289 1116 1495 1183 virtut'e
1529 1123 1830 1183 valeamus.
1915 1123 2097 1182 xxn.

51 1207 317 1270 Laudat
342 1205 660 1267 Asrioanum
677 1207 995 1283 PanaetiuS,
1024 1208 1180 1285 quod
1209 1208 1376 1267 suerit
1402 1208 1707 1268 abstinens.
1756 1209 1968 1277 Quidni
1981 1207 2102 1268 lau-
2162 1242 2171 1249 -

53 1291 228 1356 det?
270 1291 395 1352 Sed
421 1293 480 1350 in
518 1292 613 1350 illo
645 1292 750 1352 alia
788 1294 1016 1353 maiora.
1100 1297 1202 1359 76.
1249 1292 1402 1352 Laus
1435 1295 1802 1354 abstinentiae
1841 1313 1956 1354 uon
1998 1293 2104 1355 ho-

52 1380 250 1441 minis
277 1380 372 1437 est
395 1376 607 1452 solum,
649 1378 754 1438 sed
785 1379 953 1438 etiam
979 1373 1291 1456 temporum
1319 1378 1548 1439 illorum.
1635 1378 1806 1437 Omni
1836 1378 2105 1439 Macedo-

39 1480 217 1527 'nun
256 1479 444 1539 gaza,
484 1478 632 1540 quae
666 1463 776 1522 fuit
817 1463 1086 1538 maxima,
1126 1463 1340 1543 potitus
1374 1467 1462 1522 est
1500 1462 1754 1536 Paullus3
1794 1464 2058 1523 tantum
2041 1483 2102 1525 ιιι

51 1549 364 1613 aerarium
403 1548 675 1625 pecuniae
717 1547 965 1621 invexit,
987 1553 1074 1606 ιιι
1108 1549 1271 1606 unius
1296 1547 1646 1625 imperatoris
1684 1550 1897 1626 praeda
1926 1550 2102 1610 'finem
2138 1544 2145 1549 ’

51 1633 342 1699 attulerit
365 1633 716 1692 tributorum.
799 1632 879 1692 At
903 1590 995 1692 hic
1025 1632 1160 1691 nibil
1190 1633 1416 1691 domum
1448 1651 1604 1690 suam
1638 1640 1862 1715 praeter
1891 1650 2105 1693 memo-

52 1724 224 1784 riam
263 1718 506 1776 nominis
544 1719 941 1796 sempiternam
971 1717 1191 1777 detulit.
1272 1717 1523 1776 Imitatus
1546 1722 1763 1796 patrem
1791 1717 2104 1795 Africanus,

51 1802 276 1869 nihilo
292 1802 620 1882 locupletior
643 1803 991 1879 Carthagine
1026 1821 1240 1862 eversa.
1288 1803 1475 1873 Quid
1494 1800 1527 1859 ἲ
1584 1803 1682 1879 qui
1727 1802 1845 1862 eius
1888 1804 2105 1882 collega

49 1895 122 1956 in
155 1906 414 1952 oensura
438 1888 544 1947 fuit
563 1886 635 1947 L.
677 1889 1011 1962 Mummius,
1051 1887 1322 1965 numquid
1361 1888 1674 1966 eopiosior,
1717 1906 1887 1965 quum
1912 1890 2108 1970 copio-

54 1976 370 2039 sissimam
411 1974 602 2032 urbem
642 1975 894 2034 funditus
933 1971 1295 2033 sustulisset?
1335 1973 1547 2033 Italiam
1572 1992 1773 2033 ornare
1809 1990 1978 2051 quam
2000 1975 2108 2034 do.-

52 2080 239 2124 mum
283 2075 442 2117 suam
479 2057 689 2118 maluit.
776 2060 1111 2136 Quanquam
1157 2058 1318 2119 ltalia
1350 2065 1550 2117 ornata
1578 2059 1777 2118 domus
1812 2060 1939 2139 ipsa
1972 2059 2107 2120 mihi

54 2149 320 2209 videtur
358 2145 620 2202 ornatior.
707 2148 807 2210 77.
866 2143 1091 2203 Nullum
1136 2144 1315 2220 igitur
1339 2144 1535 2202 vitium
1573 2146 1805 2219 tetrius,
1865 2146 1974 2221 (ut
2013 2164 2105 2221 eo,

54 2232 242 2295 uude
265 2230 550 2304 degressa
570 2234 692 2304 est,
733 2230 940 2290 referat
965 2249 1029 2289 se
1064 2230 1297 2303 oratio‚)
1336 2247 1501 2307 quam
1524 2230 1786 2301 avaritia,
1847 2248 2109 2307 praeser-

51 2323 186 2382 tim
221 2317 285 2374 in
330 2315 670 2393 principibus
708 2332 825 2375 rom
860 2314 1132 2395 publicam
1158 2314 1617 2399 gubernantibus&
1700 2313 1928 2377 Habere
1957 2315 2109 2376 enim

53 2400 356 2485 quaestui
393 2419 511 2459 rem
554 2399 829 2478 publicam
874 2420 993 2460 non
1024 2401 1194 2477 modo
1235 2404 1400 2477 turpe
1440 2392 1558 2474 est,
1628 2398 1731 2458 sed
1768 2400 2109 2462 sceleratum

54 2491 265 2554 etiam
310 2490 370 2544 et
407 2486 976 2563 nefarium.1taque
997 2486 1153 2564 quod
1183 2462 1387 2563 Apollo
1423 2484 1654 2560 Pythius
1682 2484 1959 2545 oramlum
1986 2486 2110 2546 edi-

55 2578 170 2640 dit
184 2618 210 2651 ,
260 2565 525 2650 Spartam
555 2568 711 2633 nulla
740 2591 798 2630 re
835 2571 955 2630 alia
985 2573 1099 2630 nisi
1135 2572 1383 2629 avaritia
1416 2588 1525 2628 esse
1550 2571 1885 2647 perituram,
1925 2570 1988 2630 id
2019 2571 2117 2632 vi·

54 2666 262 2725 detur
289 2675 408 2717 non
431 2656 610 2715 solum
634 2655 1093 2720 Lacedaemoniis
1127 2657 1230 2716 sed
1256 2662 1315 2716 et
1340 2655 1597 2715 omnibus
1624 2653 1903 2732 opulentis
1928 2672 2114 2735 popu-

51 2751 146 2811 lis
176 2742 550 2825 praedixisse.
635 2742 810 2803 Nulla
831 2748 1017 2805 autem
1037 2762 1100 2802 re
1124 2741 1415 2801 conciliare
1434 2739 1648 2800 facilius
1671 2739 2112 2801 benevolentiam

51 2827 465 2897 multitudinis
506 2836 748 2906 possunt
789 2830 862 2904 ii,
908 2847 1008 2907 qm
1039 2828 1122 2888 rei
1157 2824 1414 2910 'publicae
1446 2830 1749 2908 praesunt,
1802 2843 1971 2903 quam
2010 2826 2115 2886 ab-

54 2913 367 2983 stinentia
391 2918 450 2972 et
473 2913 831 2974 continentia.

226 3000 354 3064 78--
345 2996 496 3066 Qui
519 3018 654 3059 vero
689 2999 994 3079 populares
1031 3018 1094 3060 se
1135 3018 1267 3060 esse
1290 2954 1487 3056 volunt
1508 2997 1587 3056 ob
1618 3012 1856 3074 eamque
1888 3012 2114 3057 oausam

54 3093 198 3152 aut
239 3081 519 3161 agrariam
547 3104 665 3145 rem
702 3090 958 3163 tentant,
997 3092 1063 3145 ut
1099 3100 1452 3165 possessores
1490 3081 1774 3161 pellantur
1806 3083 1922 3142 suis
1958 3082 2115 3143 sedi-
2142 3114 2153 3125 ‘

54 3179 251 3245 bus,
308 3172 409 3229 aut
434 3172 695 3247 pecunias
737 3171 980 3231 creditas
1007 3169 1351 3231 debitoribus
1378 3167 1778 3229 condonandas
1801 3159 2032 3248 putant,
2074 3167 2117 3227 li

53 3256 442 3324 metant
469 3255 830 3316 fundamenta
853 3257 935 3316 rei
963 3257 1257 3335 publicae:
1297 3254 1647 3312 concordiam
1671 3254 1929 3332 primum,
1970 3272 2117 3331 quae

59 3358 230 3407 esse
261 3356 380 3397 non
418 3345 640 3415 potest,
686 3361 854 3418 quum
875 3341 1002 3405 aliis
1031 3342 1352 3401 adimuntur
1378 3338 1499 3396 aliis
1522 3338 1913 3398 condonantur
1943 3357 2120 3419 pecu-

57 3430 265 3497 niae,
311 3422 517 3484 deinde
543 3420 909 3504 aequitatem,
950 3446 1099 3504 quae
1129 3425 1339 3485 tollitur
1368 3423 1580 3495 omnis,
1622 3422 1672 3480 si
1707 3422 1916 3483 habere
1955 3442 2118 3483 suum

59 3512 308 3585 amque
331 3524 451 3567 uon
477 3508 619 3572 licet.
705 3511 772 3571 ld
797 3513 942 3571 euim
968 3518 1061 3572 est
1079 3509 1399 3592 proprium,
1440 3514 1505 3571 ut
1543 3526 1712 3586 supra
1738 3510 1885 3584 dixi,
1927 3510 2120 3568 civita·

57 3601 176 3663 tia
204 3597 387 3672 atque
419 3593 607 3673 urbis,
646 3600 711 3657 ut
751 3599 824 3657 sit
850 3597 1026 3658 liba-a
1064 3603 1125 3661 et
1154 3614 1270 3657 non
1302 3590 1535 3654 sollicita
1568 3609 1707 3653 suae
1733 3595 1817 3654 tei
1856 3593 2121 3673 cuiusque

2144 3926 2153 3927 ι
2174 3896 2213 3929 ί.
