2417 3967
287 196 388 291 ss,
634 186 641 194 ’
718 162 1249 291 emenonis
1289 210 1410 279 ΠΕ
1456 215 1874 282 ormcus
1976 192 2043 317 '-

203 408 208 411 -
306 367 620 431 aniishnus:
663 368 900 431 desitum
933 375 1020 430 est
1044 371 1190 430 enim
1214 371 1391 433 videri
1417 373 1723 450 quidquam
1747 371 1803 431 in
1830 371 2011 430 socios
2033 369 2267 448 iniqum,

305 472 477 531 quum
510 456 817 523 exstitisset
857 453 915 512 in
948 455 1094 515 cives
1121 464 1280 516 tanta
1306 458 1621 517 crudelitas·
1706 457 1860 533 Ergo
1895 456 1954 514 in
1990 456 2082 514 illo
2114 465 2274 515 secuta

305 545 393 597 est
433 539 720 598 honestam
768 558 990 600 causam
1043 560 1157 599 non
1197 540 1437 601 hohesta
1465 543 1714 602 victoria.
1797 542 1906 599 Est
1944 543 2096 601 enim
2135 559 2276 599 ansas

304 624 487 684 dicere
502 668 523 699 ‚
566 624 726 683 hasta
755 626 943 703 posita
984 640 1154 702 quum
1184 627 1333 687 bona
1372 628 1431 685 in
1470 629 1595 687 foro
1632 628 1901 687 venderet
1940 632 1999 686 et
2038 628 2281 686 bonorum

241 778 249 789 ,
302 711 541 771 virorum
569 714 623 768 ct
645 709 997 787 locupletium
1025 717 1083 771 et
1107 719 1258 772 certe
1278 712 1495 786 civium,
1529 712 1786 790 praedam
1813 731 1869 771 sc
1894 730 2049 770 mam
2076 709 2313 773 verdae„

304 796 541 856 Secutus
573 800 660 855 est
686 795 862 872 quiin
895 814 1061 855 causa
1085 798 1288 875 impia,
1333 798 1558 857 victoria
1586 800 1755 857 etiam
1782 797 2040 857 foediore
2059 816 2170 855 non
2196 794 2288 852 sin-
2390 834 2391 847 i

249 888 255 911 ¹
307 880 558 957 guloruni
583 881 780 963 civium
806 881 955 959 bona
975 881 1305 960 publicaret,
1349 883 1451 942 sed
1477 883 1758 943 universas
1781 882 2099 962 provincias
2126 882 2288 957 regio-

307 986 523 1043 nesque
549 985 661 1023 uno
694 965 1016 1029 calamitatis
1048 966 1167 1027 iure
1201 967 1710 1044 comprehenderet.
1791 970 1896 1031 28.
1940 967 2177 1044 Itaque,
2215 985 2293 1024 ve-

309 1052 451 1111 xatis
479 1071 543 1108 ac
566 1051 797 1128 perditis
829 1052 1026 1110 exteris
1062 1052 1374 1110 nationibus
1397 1097 1414 1125 ,
1467 1053 1539 1111 ad
1578 1052 1887 1132 exemplum
1922 1052 2116 1110 amissi
2143 1051 2296 1130 impe-

308 1138 355 1194 ri
390 1137 600 1214 portari
638 1137 697 1193 in
726 1135 999 1213 triumpho
1027 1135 1330 1197 Massiliam
1374 1137 1605 1196 vidimus
1635 1144 1693 1196 et
1724 1158 1795 1199 ex
1831 1156 1901 1198 ea
1941 1139 2087 1196 urbe
2126 1137 2299 1195 trium-
2388 1142 2394 1205 Ι

309 1222 488 1303 phari,
517 1221 635 1278 sine
661 1238 773 1296 qua
796 1240 1080 1295 nunquam
1106 1222 1280 1280 nostri
1307 1223 1667 1300 imperatores
1694 1241 1763 1281 ex
1780 1221 2176 1301 Transalpinis
2201 1218 2300 1280 bd-

307 1308 375 1365 iis
415 1306 835 1384 triumpharunt.
857 1302 870 1311 “
920 1305 1103 1364 Multa
1137 1313 1430 1385 praeterea
1470 1326 1959 1367 commemorarem
2001 1307 2217 1366 nefaria
2252 1306 2300 1363 in

308 1393 522 1465 socios,
565 1390 613 1449 si
633 1389 742 1448 hoc
763 1409 875 1448 uno
911 1391 1215 1469 quidquam
1242 1391 1327 1458 sol
1356 1392 1583 1451 vidisset
1607 1393 1909 1469 indignius.
2000 1391 2132 1451 lure
2160 1392 2306 1469 igitur

313 1477 626 1558 plectimur.
722 1473 848 1534 Nisi
893 1477 1038 1537 euim
1079 1476 1376 1537 multorum
1415 1478 1683 1555 impunita
1726 1478 1939 1539 scelera
1977 1478 2307 1537 tulissemus:

315 1560 602 1638 nunquam
624 1561 699 1620 ad
729 1580 895 1621 unum
924 1567 1084 1653 tangi
1110 1562 1454 1641 pervenisset
1479 1562 1732 1636 licentia,
1777 1583 1811 1623 a
1841 1582 1955 1640 quo
1990 1564 2217 1641 quidem
2242 1560 2311 1619 rei

315 1647 596 1708 familiaris
647 1645 721 1705 ad
769 1664 1013 1726 pauc03‚
1071 1648 1428 1725 cupiditatum
1470 1648 1546 1706 ad
1581 1648 1783 1706 multos
1819 1645 2191 1726 [improbos]
2227 1665 2312 1705 ve·
2392 1664 2393 1673 ¹

314 1734 397 1809 nit
424 1733 719 1792 hereditas
806 1736 909 1798 29.
940 1731 1205 1792 Necvero
1232 1752 1472 1809 unquam
1495 1731 1761 1792 bellorum
1791 1733 2032 1792 civilium
2067 1736 2314 1793 semenet

317 1838 484 1881 causa
523 1818 704 1876 deerit
722 1860 743 1889 ,
785 1818 916 1876 dum
953 1817 1203 1878 homines
1238 1818 1455 1896 perditi·
1484 1816 1699 1876 hastam
1746 1818 1894 1877 illam
1937 1824 2228 1881 cruentam
2265 1822 2313 1875 et

291 1902 665 1973 ‚meminerint
690 1908 747 1960 et
788 1902 1123 1981 sperabunt,
1166 1923 1334 1983 quam
1363 1900 1425 1962 P.
1461 1901 1617 1975 Sulla
1641 1922 1813 1980 quum
1837 1903 2119 1965 vibrasset
2156 1905 2315 1963 dicta·

317 2000 442 2048 tore
468 1986 782 2066 propinquo
808 2007 929 2061 suo,
953 1988 1100 2047 idem
1119 1995 1275 2048 sexto
1302 1988 1575 2049 tricesimo
1590 2007 1737 2048 anno
1765 1995 1898 2067 post
1919 2007 1955 2047 a
1977 1988 2318 2049 sceleratiore

235 2063 248 2073 .
318 2073 484 2133 hasta
506 2091 624 2130 non
647 2073 903 2145 recessit3
945 2074 1083 2142 alter
1108 2080 1292 2139 autem
1308 2118 1326 2148 ‚
1369 2076 1464 2167 qui
1492 2075 1547 2132 in
1577 2073 1670 2132 illa
1699 2075 1976 2135 dictatura
2001 2074 2191 2133 scriba
2208 2073 2317 2132 sue·

322 2164 443 2230 rat,
484 2156 544 2215 in
570 2157 675 2216 hac
700 2158 1094 2236 fuitquaestor
1117 2161 1378 2219 urbanuS.
1434 2159 1552 2218 Ἐκ
1585 2179 1697 2236 quo
1729 2158 1897 2220 debet
1924 2159 2204 2235 intelligi,
2240 2164 2321 2217 ta-
2394 2204 2395 2247 ¹

320 2243 467 2303 libus
496 2244 754 2320 praemiis
781 2245 1077 2323 propositis
1103 2263 1387 2322 nunquam
1416 2246 1673 2304 defutura
1701 2243 1842 2304 bella
1871 2244 2069 2304 civilia.
2136 2245 2320 2321 Itaque
2394 2268 2395 2273 ¹

321 2331 563 2410 parietes
586 2329 753 2387 modo
774 2330 924 2389 urbis
956 2337 1106 2389 stant
1132 2336 1192 2389 et
1219 2336 1468 2404 manent,
1491 2330 1639 2408 iique
1665 2330 1772 2409 ipsi
1797 2329 1909 2389 iam
1936 2335 2189 2411 egitrema
2214 2347 2323 2389 sce·

325 2415 441 2475 lera
478 2420 823 2486 metuentes;
863 2434 983 2475 rem
1018 2434 1151 2475 vero
1190 2414 1467 2493 publicam
1500 2416 1723 2494 penitus
1753 2415 2060 2479 amisimus.
2148 2413 2325 2493 Atque

299 2501 385 2558 ,in
421 2499 524 2559 has
557 2499 742 2561 clades
765 2500 1055 2559 incidimus
1102 2499 1475 2575 (redeundum
1518 2506 1604 2559 est
1636 2502 1783 2560 enim
1819 2502 1895 2560 ad
1937 2500 2326 2579 propositum),

174 2584 212 2649 ',
329 2585 662 2657 dummetui
692 2604 857 2662 quam
892 2586 1005 2644 cari
1032 2604 1158 2645 esse
1184 2590 1242 2644 et
1271 2585 1427 2661 diligi
1456 2584 1762 2645 maluimus.
1848 2586 2019 2653 Quae
2052 2588 2100 2644 si
2130 2585 2327 2665 populo

325 2671 581 2731 Romano
606 2670 810 2731 iniuste
831 2670 1123 2749 imperanti
1167 2670 1421 2730 accidere
1453 2676 1778 2749 potueruut:
1822 2670 1967 2748 quid
2005 2671 2221 2731 debent
2235 2689 2328 2750 pu·

326 2763 450 2815 tare
483 2753 736 2830 singuli‘}
786 2755 958 2824 Quod
992 2773 1164 2832 ,quum
1206 2755 1559 2834 perspicuum
1604 2756 1710 2830 sit,
1765 2754 2195 2816 benevolentiae
2228 2755 2326 2815 vim

332 2860 459 2901 esse
484 2857 744 2916 magnam
762 2883 782 2914 ,
823 2845 1003 2910 metus
1035 2839 1396 2899 imbecillam:
1440 2840 1685 2918 sequitur
1709 2844 1771 2900 ut
1804 2840 2179 2915 disseramus,
2220 2839 2330 2917 qni·

333 2926 437 2983 bus
472 2924 635 2983 rebus
662 2924 914 2984 facillime
933 2926 1214 3005 possimus
1237 2943 1358 2985 eam
1373 2969 1392 3001 ,
1436 2944 1607 3003 quam
1629 2923 1911 2999 volumuS,
1954 2926 2192 3006 adipisci
2218 2944 2329 2984 αιιιι

331 3009 549 3069 honore
577 3015 636 3069 ct
670 3010 784 3070 fide
811 3010 1132 3070 caritatem.-
1193 3012 1298 3075 30.
1337 3009 1457 3069 Sed
1500 3027 1571 3095 ea
1597 3029 1708 3070 non
1739 3010 1953 3090 pariter
1978 3029 2172 3070 omnes
2202 3028 2328 3086 ege—

249 3158 254 3167 „
334 3092 488 3154 mu‘s:
533 3112 663 3153 nam
687 3096 759 3153 ad
786 3095 1046 3172 cuiusque
1069 3096 1240 3154 vitam
1265 3095 1570 3154 institutam
1597 3095 2128 3171 accommodandum
2151 3100 2263 3171 est,
2297 3111 2330 3152 a

335 3178 602 3238 multisne
620 3199 761 3257 opus
791 3179 958 3238 sitan
982 3178 1122 3239 'satis
1153 3180 1226 3238 sit
1251 3198 1285 3238 a
1313 3178 1502 3258 paucis
1537 3177 1710 3256 diligi.
1783 3181 2015 3240 Certum
2041 3181 2213 3257 igitur
2234 3179 2330 3239 hoe.

339 3265 446 3337 sit,
489 3264 660 3340 idque
689 3270 746 3323 et
763 3265 1003 3341 primum
1029 3271 1087 3324 et
1113 3266 1349 3324 maxime
1372 3265 1740 3325 necessarium
1748 3306 1768 3338 ,
1809 3264 2210 3324 familiaritates
2240 3263 2331 3325 ha·

339 3350 472 3408 bere
496 3349 637 3406 fidas
668 3348 966 3421 amantium
993 3367 1098 3407 nos
1121 3351 1424 3410 amicorum
1446 3355 1506 3408 et
1516 3355 1720 3411 nostra
1763 3349 2102 3410 mirantium.
2183 3348 2330 3408 Haec

341 3434 488 3492 enim
513 3437 601 3492 est
629 3451 741 3491 una
764 3451 852 3491 res
885 3451 1110 3511 prorsus
1124 3477 1146 3506 ,
1187 3439 1252 3491 ut
1282 3453 1398 3493 non
1418 3433 1647 3493 multum
1672 3433 1899 3497 differat
1925 3435 2075 3495 inter
2102 3450 2328 3494 summos

343 3524 401 3603 et
423 3517 727 3590 mediocres
748 3516 915 3603 viros,
945 3536 1124 3596 eaque
1151 3520 1401 3598 utrisque
1416 3524 1503 3580 est
1513 3520 1929 3615 propemodum
1952 3517 2326 3602 comparanda.
