2417 3967
365 229 414 295 o
553 172 590 261 Ϊ
791 220 1476 287 mcssaomsnss
1530 181 2015 309 or‘rmus‘

369 377 588 442 virtutis
609 378 719 438 hoc
740 396 940 437 munus
958 382 1047 437 est
1069 377 1370 458 proprium.
1458 380 1558 444 16.
1601 377 1686 439 Ut
1710 378 1860 438 enim
1880 372 2315 455 quisquenm‘une

303 502 314 507 ν
367 465 635 548 perspicit
692 464 829 542 quid
883 464 941 522 in
996 482 1058 523 re
1106 482 1328 541 quaque
1372 463 1715 523 verissimum
1752 465 1826 522 sit
1839 504 1859 536 ,
1913 460 2123 547 quique
2152 459 2312 518 acutis·

370 553 508 610 sime
536 556 595 609 et
620 549 901 610 celerrime
917 554 1114 633 potest
1143 555 1200 609 et
1224 549 1417 609 videre
1445 554 1505 608 et
1529 547 1800 629 explicare
1820 547 2110 618 rationem,
2151 546 2195 602 is
2217 563 2313 623 pru-

368 634 726 696 dentissimus
756 639 815 695 et
838 633 1281 714 sapientissimus
1304 635 1413 694 rite
1449 634 1641 695 haberi
1671 632 1857 694 solet-
1919 631 2187 702 Quocirca
2204 628 2312 700 huit,

309 720 320 731 “
369 721 531 801 quasi
572 719 804 780 materia
861 738 1025 798 quam
1069 724 1275 779 tractet
1304 725 1362 780 et
1399 720 1458 778 in
1502 738 1615 799 qua
1643 725 1925 793 versetur,
1987 718 2225 776 subiecta
2251 718 2313 774 est

364 809 587 867 veritas.
655 809 752 871 17.
794 802 1046 883 Reliquis
1072 810 1261 865 autem
1283 806 1460 867 tribus
1490 802 1832 883 [virtutibus]
1858 802 2208 864 necessitates
2219 818 2313 881 pro·

305 962 312 977 ,
365 893 588 974 positae
617 895 747 949 sunt
769 890 849 949 ad
876 910 970 951 eas
997 910 1087 951 res
1122 891 1403 971 parandas
1431 892 1813 967 tuendasque,
1856 889 2062 967 quibus
2099 888 2231 947 actio
2255 884 2311 942 vi·

362 982 459 1038 tae
482 977 823 1037 continetur:
863 981 929 1036 ut
957 982 1017 1037 et
1040 977 1276 1050 societas
1319 977 1603 1036 hominum
1637 975 2066 1052 coniunctioque
2099 975 2312 1042 servetur,

295 1114 304 1121 ,
365 1068 427 1124 et
450 1062 617 1123 animi
640 1060 961 1122 excellentia
984 1062 1427 1139 magnitudoque
1449 1081 1619 1140 quum
1632 1061 1701 1137 ‚in
1722 1060 2000 1137 augendis
2027 1059 2217 1138 opibus
2236 1055 2311 1112 uti-

362 1146 725 1223 litatibusque
757 1151 817 1206 et
845 1146 953 1205 sibi
978 1155 1039 1206 et
1064 1148 1177 1206 suis
1203 1149 1590 1226 comparandis
1629 1152 1751 1206 tum
1776 1145 1954 1206 multo
1983 1145 2161 1221 magis
2184 1144 2233 1200 in
2251 1138 2310 1199 his

361 1233 497 1312 ipsis
526 1232 893 1310 despiciendis
923 1231 1151 1294 eluceat.
1219 1232 1398 1310 ,Ordo
1431 1238 1627 1303 antem,
1645 1238 1704 1290 et
1732 1231 2055 1312 constantia
2086 1234 2144 1289 et
2167 1225 2311 1287 mode·

313 1310 322 1319 ’
360 1318 504 1378 ratio
530 1321 588 1376 et
614 1335 682 1376 ea
699 1360 717 1392 ,
760 1336 905 1394 quae
936 1323 1068 1376 sunt
1089 1317 1175 1376 his
1201 1316 1434 1391 similia,
1473 1322 1766 1378 versantur
1802 1318 1867 1375 in
1898 1335 1971 1376 eo
2016 1333 2234 1391 genere,
2262 1307 2311 1369 ad

361 1403 519 1481 quod
542 1401 856 1462 adhibenda
882 1408 970 1462 est
996 1402 1139 1462 actio
1167 1405 1443 1479 quaedam
1460 1446 1481 1478 ‚
1523 1422 1639 1462 non
1670 1401 1849 1462 solum
1878 1400 2089 1463 mentis
2114 1395 2310 1477 agitatio.

365 1490 465 1554 18.
506 1487 582 1547 Iis
608 1488 755 1548 enim
782 1489 980 1563 rebus,
1031 1507 1177 1567 quae
1201 1493 1513 1547 tractantur
1532 1488 1591 1546 in
1623 1487 1771 1561 vita,
1811 1487 2047 1547 modum
2089 1484 2309 1564 quendam

361 1577 423 1634 et
447 1572 697 1633 ordinem
724 1574 1056 1634 adhibentes
1070 1615 1089 1647 ,
1130 1574 1483 1633 honestatem
1509 1578 1570 1633 et
1591 1573 1759 1633 decus
1783 1572 2242 1633 conservabimus.»

489 1658 586 1718 Vl.
630 1659 716 1718 Ex
741 1665 979 1736 quatuor
1005 1664 1191 1718 autem
1214 1657 1349 1718 locis
1362 1702 1382 1734 ,
1423 1659 1484 1717 in
1523 1677 1664 1736 quos
1693 1657 1916 1718 honesti
1939 1664 2192 1717 naturam
2209 1653 2305 1712 vin-

283 1786 290 1791 .
360 1760 474 1821 que
500 1744 818 1818 divisimus,
859 1745 1069 1825 primus
1098 1743 1221 1816 ille,
1263 1745 1361 1820 qui
1393 1743 1453 1802 in
1490 1743 1643 1803 veri
1683 1737 2307 1820 cognitione-oonsi-

278 1844 288 1855 ”
361 1829 493 1904 stit,
532 1830 767 1889 maxime
802 1835 1060 1888 naturam
1084 1829 1312 1906 attingit
1357 1829 1667 1909 humanam.
1753 1830 1971 1888 Omnes
2011 1828 2155 1889 enim
2186 1821 2306 1884 mhi·

359 1930 487 1975 mur
518 1920 577 1974 et
608 1915 858 1978 ducimur
884 1915 959 1973 ad
986 1915 1316 1992 cognitionis
1341 1921 1401 1976 et
1428 1915 1690 1977 scientiae
1716 1914 2118 1993 mpidit'atem,
2157 1914 2206 1972 in
2229 1923 2305 1986 qm

204 2000 214 2008 '
270 2028 274 2033 ·
361 1997 625 2060 excellere
646 1999 931 2079 pulchrum
955 2006 1243 2080 putamus,
1266 2000 1382 2061 labi
1408 2006 1614 2074 autem,
1655 2017 1860 2073 errare,
1904 1998 2140 2071 nescire,
2174 1989 2305 2071 decipi

361 2088 422 2142 et
445 2083 648 2151 malum
672 2091 730 2144 et
756 2091 922 2164 turpe
950 2086 1218 2145 ducimus.
1302 2084 1369 2145 In
1390 2084 1501 2144 hoc
1518 2103 1759 2162 genere,
1802 2089 1861 2145 et
1898 2084 2143 2147 naturali
2172 2086 2222 2141 et
2237 2078 2306 2139 ho·

359 2174 525 2228 nesto
540 2212 561 2243 ,
615 2171 727 2229 duo
764 2171 904 2230 vitia
938 2171 1166 2230 vitanda
1201 2174 1360 2231 mint:
1416 2188 1583 2230 unum
1600 2212 1620 2244 ,
1674 2188 1749 2230 ne
1790 2170 2085 2246 incognita
2117 2186 2208 2249 pro
2240 2180 2305 2222 eo·

359 2254 530 2333 gnitis
555 2254 856 2315 habeamus
881 2255 1059 2333 iisque
1073 2262 1283 2325 temere
1294 2255 1693 2327 assentiamur3
1725 2255 1877 2333 quod
1901 2253 2305 2327 vitiumeffugete

249 2322 262 2345 ²
315 2326 324 2351 ⁸
360 2340 458 2417 qui
484 2340 655 2415 volet,
685 2341 906 2416 (omnes
930 2347 1117 2401 autem
1142 2340 1287 2402 vene
1309 2340 1567 2418 debent)
1593 2338 1881 2401 adhibebit
1904 2341 1981 2400 aa
2005 2339 2304 2400 considem-

361 2426 466 2484 das
487 2444 575 2485 res
601 2433 661 2486 et
678 2433 900 2506 tempus
924 2424 982 2486 et
1004 2427 1366 2504 diligentiam.
1456 2429 1554 2490 19.
1593 2424 1842 2485 Alterum
1857 2431 1948 2486 est
1960 2426 2172 2498 vitium,
2194 2414 2303 2500 quod

359 2511 586 2589 quidam
608 2512 771 2571 nimis
796 2530 1060 2589 magnum
1077 2511 1683 2588 studium‘multamque
1709 2528 1937 2590 operam
1959 2510 2022 2569 in
2048 2529 2134 2571 res
2157 2508 2302 2567 οἰκω-

274 2602 277 2611 ’
357 2614 449 2655 ras
479 2601 651 2673 atque
672 2596 924 2657 difficiles
951 2598 1262 2670 conferunt,
1288 2598 1629 2674 easdemque
1657 2614 1772 2656 non
1798 2597 2154 2656 necessarias.
2203 2586 2302 2660 Qui-

227 2738 244 2746 -
359 2681 463 2740 bus
491 2682 639 2741 vitiis
658 2673 982 2756 ⁸declinatis,
1007 2682 1164 2759 quod
1187 2683 1246 2740 in
1271 2682 1438 2745 rebus
1465 2681 1713 2741 honestis
1742 2687 1802 2742 et
1827 2682 2148 2758 cognitione
2166 2672 2300 2752 dissw'³

359 2785 568 2844 operae
593 2785 866 2849 curaeque
890 2772 1166 2848 ponetur,
1208 2767 1269 2825 id
1296 2766 1416 2827 iure
1453 2766 1803 2826 laudabitur:
1849 2771 1931 2849 ut⁸
1949 2766 2010 2824 in
2053 2757 2300 2837 astrologh

360 2849 430 2909 C.
468 2852 770 2932 Sulpicium
799 2854 1055 2912 audimus
1072 2895 1092 2926 ,
1135 2853 1196 2911 in
1209 2853 1527 2930 geometria
1575 2852 1705 2911 Sex.
1750 2851 2078 2930 Pompeium
2113 2848 2209 2928 ipsi
2234 2860 2298 2905 oo·

236 2950 242 2957 ¹
359 2934 671 3012 gnovimus,
700 2936 902 2997 multos
918 2938 976 2996 in
993 2937 1312 3012 dialecticis,
1336 2936 1523 3017 plures
1549 2938 1609 2996 in
1632 2938 1752 2996 iure
1763 2936 1921 2996 civili.
1977 2936 2140 3005 Quae
2154 2940 2296 2990 onness

360 3027 507 3080 artes
550 3022 611 3080 in
656 3022 774 3081 veri
819 3022 1248 3099 investigatione
1305 3026 1624 3096 versantur,
1679 3022 1832 3080 cuius
1886 3022 2073 3083 studio
2106 3038 2141 3078 a
2171 3013 2294 3075 rehu

361 3106 622 3182 gerendis
658 3106 857 3167 abduci
892 3114 1088 3167 contra
1123 3108 1366 3169 officium
1408 3114 1511 3167 est.
1597 3106 1826 3169 Virtutis
1856 3106 2005 3166 enim
2024 3105 2141 3167 laus
2163 3111 2294 3159 ow

219 3196 228 3201 '
293 3242 296 3247 .
361 3191 420 3248 in
443 3191 659 3250 actione
681 3192 961 3265 consistit3
1003 3211 1040 3252 a
1062 3212 1175 3271 qua
1197 3200 1387 3254 tamen
1421 3188 1488 3251 fit
1510 3192 1847 3252 intermissio
1873 3209 2044 3271 saepe
2083 3183 2293 3259 malfiqfle

361 3276 567 3335 dantur
592 3276 667 3334 ad
690 3277 878 3336 studia
901 3278 1148 3351 reditus;
1186 3283 1306 3338 tum
1333 3274 1569 3355 agitatio
1593 3278 1797 3338 mentis
1812 3319 1832 3350 ‚
1886 3292 2034 3353 quae
2058 3280 2292 3347 nunquan

358 3362 663 3438 acquiescit
677 3404 697 3435 ,
736 3365 929 3440 potest
959 3380 1063 3419 nos
1105 3363 1166 3421 in
1207 3364 1405 3422 studiis
1443 3362 1795 3440 cogitationis
1830 3361 2001 3422 etiam
2023 3360 2136 3419 sine
2161 3364 2292 3432 opffl

358 3453 552 3505 nostra
577 3447 875 3507 continere.
960 3446 1160 3505 Omnis
1188 3453 1376 3525 autem
1408 3448 1675 3526 cogitatio
1705 3452 2003 3524 motusque
2030 3438 2190 3504 animi
2219 3435 2289 3494 ³¹¹t

296 3610 300 3615 .
359 3529 420 3588 in
445 3530 688 3598 consiliis
713 3530 998 3610 capiendis
1010 3531 1085 3592 de
1108 3532 1276 3593 rebus
1302 3533 1554 3601 honestis
1581 3537 1641 3597 et
1670 3526 2071 3617 pertinentibus
2095 3525 2167 3590 ad
2182 3523 2288 3585 bem
