2417 3967
65 7 108 77 Γ
183 20 190 29 .

65 88 68 135 Ι

63 178 66 213 Ι

529 256 707 324 Lm.
746 262 884 326 111.
935 262 1131 328 cAP.
1174 263 1280 333 25.
1317 267 1420 331 26.
1450 267 1551 332 27
1585 247 1690 331 'za
1874 216 1883 225 ⁹
1994 266 2121 331 1⁰1
2237 230 2245 239 ’

105 423 194 482 est
220 418 299 479 ad
331 424 625 495 senatum,
666 425 765 496 ut,
801 422 913 481 nisi
940 376 1164 485 redditi
1186 426 1373 485 essent
1407 421 1611 483 Poenis
1650 420 1855 502 captivi
1893 417 2114 483 nobiles

107 506 368 584 quidam,
404 507 657 567 rediret
641 527 764 593 ipse
792 508 1217 588 Karthaginem.
1302 511 1358 570 Is
1384 529 1553 588 quum
1578 507 1818 567 Romam
1843 508 2108 584 venisset,
2142 537 2164 592 '.

55 594 72 663 f
105 591 366 653 utilitatis
383 593 632 675 speciem
655 586 900 668 videbat,
941 598 1045 655 sed
1074 612 1232 671 eam,
1272 602 1338 655 ut
1365 615 1454 656 res
1481 594 1745 668 declarat,
1795 593 2034 652 falsam
2017 612 2104 652 ιιι-

103 677 342 751 dicavit3
384 696 536 756 quae
566 684 685 738 erat
705 680 861 740 talis.
900 698 1128 745 manere
1143 682 1201 740 in
1223 681 1439 761 patria3
1478 699 1603 740 esse
1630 680 1784 739 domi
1812 697 1949 738 suae
1977 697 2105 739 cum

103 783 292 839 uxore,
336 768 465 825 cuin
479 764 710 839 liberis3
735 782 920 844 quam
954 767 1322 827 calamitatem
1349 766 1692 847 accepisset
1675 786 1734 824 m
1762 764 1928 841 bello,
1948 773 2103 824 com·

102 868 326 911 munem
356 852 622 911 sommae
652 850 880 915 bellicae
902 852 1240 922 iudicantem
1269 859 1463 914 tenere
1487 850 1788 912 consularis
1811 850 2099 927 dignitatis

101 938 352 1037 gradum:
415 936 588 1006 ’Quis
618 936 758 1007 haec
790 943 962 1015 neget
986 958 1110 999 esse
1137 938 1340 998 utilia?
1382 939 1565 1008 Que'm
1590 933 1827 997 censes‘?
1875 934 2102 1013 Magni-

102 1023 235 1082 tudo
255 1022 429 1082 animi
466 1027 538 1082 et
548 1023 817 1083 fortitudo
844 1029 1036 1100 negat.
1119 1022 1543 1090 XXVII-100.
1591 1021 1745 1083 Num
1776 1021 2104 1124 locupletio-

100 1124 189 1167 res
225 1110 454 1187 quaeris
483 1107 782 1169 auctores?
813 1108 1038 1171 Harum
1069 1109 1215 1171 enim
1239 1117 1325 1170 est
1354 1110 1619 1169 virtutum
1643 1110 1931 1188 proprium
1960 1106 2099 1166 nihil

101 1194 495 1268 extimescere,
537 1194 725 1253 omnia
727 1193 989 1256 humana
1034 1197 1342 1276 despicere,
1378 1195 1544 1270 nihil,
1588 1196 1747 1275 quod
1766 1193 1974 1253 homini
1999 1212 2093 1253 ac·
2134 1247 2141 1253 .

98 1277 281 1340 cidere
327 1282 547 1360 possit,
598 1262 1007 1343 intolerandum
1041 1288 1260 1363 putare.
1345 1282 1546 1359 Itaque
1570 1281 1719 1361 quid
1763 1278 1942 1341 fecit?
1997 1278 2094 1341 Iu

99 1372 348 1425 senatum
376 1367 568 1439 venit3
610 1368 877 1425 mandata
918 1370 1203 1445 exposuit3
1247 1368 1583 1430 sententiam
1626 1387 1701 1428 ne
1729 1367 1964 1440 diceret,
2004 1383 2097 1427 re·-

98 1451 331 1512 cusavit:
377 1450 639 1534 quamdiu
665 1455 782 1511 iure
805 1453 1034 1512 iurando
1055 1453 1284 1513 hostium
1314 1458 1605 1527 teneretur,
1645 1471 1752 1511 non
1785 1470 1894 1510 erse
1914 1471 1975 1510 se
2008 1469 2093 1509 se-

95 1541 345 1597 natorem.
428 1537 623 1616 Atque
643 1538 804 1598 illud
795 1540 1004 1614 etiam,
1045 1538 1114 1614 (ο
1135 1539 1359 1600 stultum
1385 1540 1670 1612 ltmninem,
1712 1537 1913 1598 dixerit
1942 1537 2094 1615 quis-

93 1621 278 1701 piam,
320 1629 376 1683 et
409 1630 794 1702 repugnantem
811 1625 1070 1684 utilitati
1101 1626 1304 1702 macl)
1348 1626 1508 1686 reddi
1543 1624 1825 1703 captivos,
1865 1624 2095 1700 negavit

97 1724 220 1768 esse
260 1710 431 1771 utile:
472 1709 595 1769 ilios
630 1714 767 1771 enim
799 1710 1150 1781 adolescente:
1190 1731 1300 1771 este
1343 1717 1394 1770 et
1442 1711 1601 1769 bonos
1640 1708 1831 1784 duces,
1889 1728 1944 1767 ec
1978 1711 2094 1767 iam

97 1793 389 1872 consectum
436 1800 715 1855 emectute.
781 1785 973 1856 ‘Cuius
1008 1816 1178 1876 quum
1216 1797 1477 1857 valuisset
1514 1795 1846 1855 auctoritas:
1886 1793 2092 1872 captivi

97 1884 299 1940 retenti
328 1887 501 1959 sunt,
543 1883 664 1960 ipse
700 1881 1109 1962 Karthaginem
1145 1883 1345 1960 rediit,
1388 1901 1574 1960 neque
1610 1900 1736 1941 eum
1764 1881 1963 1939 caritas
1986 1898 2091 1960 pa-

93 1964 232 2025 triae
262 1968 497 2029 retinuit
534 1986 641 2028 nec
664 1986 906 2046 suorum.
989 1968 1194 2047 Neque
1216 1988 1349 2030 vero
1383 1974 1505 2028 tum
1536 1967 1871 2065 ignorabat,
1910 1985 1973 2025 se
2011 1966 2091 2026 ad

94 2034 529 2114 crudelissimum
555 2038 774 2113 hostem
809 2058 868 2113 et
895 2053 971 2112 ad
1015 2036 1293 2132 exquisita
1328 2049 1602 2133 supplicia
1633 2046 1942 2132 proficisci3
1985 2050 2092 2112 sed

77 2124 179 2194 ius
213 2137 509 2200 iurandum
542 2138 979 2198 conservandum
1005 2140 1707 2219 putabat.1taquetum,
1752 2157 1922 2214 quum
1945 2137 2092 2217 vigi-

95 2217 260 2282 lando
296 2224 635 2299 necabatur,
680 2227 803 2284 erat
832 2224 891 2281 in
929 2223 1158 2285 meliore
1192 2242 1392 2299 causa,
1437 2244 1606 2301 quam
1645 2223 1696 2285 si
1739 2223 1891 2281 domi
1918 2240 2092 2282 senex

93 2310 339 2407 captivus
353 2354 374 2387 ,
431 2311 690 2389 periurus
728 2308 1030 2369 consularis
1063 2306 1441 2370 remansisset.
1554 2312 1713 2375 10'..1
1751 2305 1871 2383 „At
1904 2308 2094 2383 stulte,

94 2393 190 2468 qui
217 2412 333 2454 non
368 2397 541 2456 modo
562 2415 678 2455 non
702 2396 978 2455 censuerit
1004 2397 1253 2474 captivos
1274 2396 1667 2467 remittendos,
1706 2411 1896 2453 verum
1925 2395 2097 2454 etiam

93 2476 477 2542 dissuaserit.‘-‘
563 2481 864 2550 Quomodo
906 2480 1073 2541 stulte
1088 2479 1120 2539 ‘3
1174 2481 1437 2541 Etiamne
1476 2482 1525 2540 si
1552 2481 1633 2539 rei
1665 2479 1918 2558 publicae
1955 2499 2092 2539 con·-

92 2558 378 2626 ducebat?
418 2566 614 2627 Potest
651 2571 835 2625 autem
855 2608 873 2638 ,
919 2567 1094 2642 quod·
1112 2563 1308 2627 inutile
1347 2572 1429 2626 rei
1459 2565 1714 2649 publicae
1744 2565 1846 2639 sit,
1888 2565 1951 2624 id
1974 2566 2092 2625 cui-

93 2665 261 2725 quam
287 2653 394 2711 civi
426 2652 559 2712 utile
598 2649 768 2712 esse?
851 2650 1111 2711 XXVIII.
1152 2650 1488 2711 Pervertunt
1515 2650 1769 2710 homines
1813 2670 1900 2725 ea,
1943 2669 2092 2735 quae

93 2741 222 2794 sunt
250 2737 615 2797 fundamenta
642 2742 894 2810 naturae,
935 2755 1110 2815 quum
1128 2736 1430 2797 utilitatem
1462 2737 1535 2799 ab
1570 2736 1865 2796 honestate
1903 2737 2090 2796 seiun-
2138 2810 2153 2817 -

93 2827 252 2896 gunt·
341 2821 556 2883 Omnes
579 2822 742 2883 euim
775 2823 1080 2903 expetimus
1120 2823 1414 2883 utilitatem
1452 2822 1530 2881 ad
1557 2833 1795 2899 eamque
1827 2822 2092 2900 rapimur,

91 2922 198 2965 nec
225 2909 413 2968 facere
440 2908 608 2969 aliter
626 2906 758 2966 ullo·
763 2908 934 2967 mode
967 2926 1276 2987 possumus.
1362 2906 1514 2968 Nam
1543 2907 1669 2984 quis
1711 2912 1817 2981 est,
1855 2907 1955 2985 qui
1979 2907 2095 2967 uti·

55 3008 64 3023 ,
92 2986 169 3049 lia
189 2992 404 3072 fugiat3
447 3000 545 3055 aut
570 2994 696 3089 quis
717 2994 933 3073 potius,
965 2995 1061 3072 qui
1089 3012 1158 3055 ea
1197 3013 1316 3053 non
1352 2992 1779 3053 studiosissime
1783 3010 2090 3071 persequa-

91 3074 230 3135 tur?
269 3080 391 3140 Sed
419 3081 551 3156 qnia
579 3082 852 3157 nusquam
874 3098 1165 3158 possumus
1192 3079 1299 3139 nisi
1320 3079 1379 3139 in
1403 3079 1603 3153 laude,
1642 3078 1873 3153 decore,
1914 3077 2093 3138 hone·
2212 3072 2224 3087 '

94 3166 242 3223 state
283 3163 440 3224 utilia
471 3165 718 3245 reperire
736 3210 755 3240 ,
797 3170 1097 3244 propterea
1133 3164 1227 3224 illa
1263 3171 1322 3231 et
1362 3165 1540 3244 prima
1578 3169 1635 3223 et
1663 3183 1876 3225 summa
1917 3162 2093 3224 habe⁴

96 3264 251 3321 mus3
291 3250 557 3311 utilitatis
584 3266 788 3311 nomen
819 3266 934 3310 non
957 3257 1073 3310 tam
1111 3250 1466 3329 splendidum
1504 3268 1673 3328 quam
1715 3251 2093 3311 necessarium

94 3329 359 3395 ducimus.
447 3339 653 3413 102,
655 3336 842 3412 ,Quid
866 3341 953 3396 est
978 3336 1221 3415 igitur,“
1263 3334 1467 3396 dixerit
1495 3334 1652 3412 quis,
1694 3336 1806 3409 „in
1840 3331 1961 3394 iure
2000 3335 2089 3394 iu·
2147 3398 2153 3403 ,

96 3418 319 3479 tando?
359 3441 490 3483 num
516 3423 715 3483 iratum
748 3423 1008 3482 timemus
1028 3422 1219 3482 Iovem
1232 3418 1264 3479 ἲ
1304 3420 1382 3479 At
1406 3420 1515 3479 hoc
1551 3421 1777 3498 quidem
1796 3437 2089 3479 commune

96 3506 184 3561 est
209 3508 455 3595 omnium
477 3506 961 3588 pbilosophorum,
1003 3526 1121 3568 non
1154 3524 1346 3567 eorum
1370 3507 1579 3579 modo,
1618 3505 1716 3582 qui
1745 3504 1912 3566 deum
1950 3501 2091 3564 nihil

91 3581 348 3652 babere·
330 3606 546 3679 ipsum
559 3595 753 3673 negdti
794 3595 1018 3671 ὤαιιιι,
1070 3591 1208 3653 nihil
1228 3591 1507 3654 exhibere
1530 3589 1723 3669 alteri,
1765 3591 1867 3651 sed
1900 3592 2093 3653 eorum
