2417 3967
639 276 848 383 rm.
890 285 989 353 111.
1073 282 1271 372 ομ».
1314 289 1373 361 a
1420 284 1480 353 4.
1943 260 1946 264 ’
2010 289 2097 353 π

90 460 200 525 qne
239 434 643 522 compluribus,
686 447 751 503 ut
779 441 1122 505 delectentur
1147 442 1389 524 imperiti
1420 440 1758 518 laudentque
1784 460 1854 503 ea
1867 483 1889 515 ‚
1945 461 2093 520 quae

88 529 368 591 laudanda
381 548 509 589 non
537 529 684 603 sint,
725 529 798 588 ob
837 548 995 603 eam,
1036 529 1236 604 credo,
1278 547 1527 600 causam,
1573 530 1724 605 quod
1765 528 1897 587 insit
1935 528 1993 586 sn
2020 530 2087 589 iis

88 613 299 692 aliquid
346 613 541 693 probi,
598 614 754 692 quod
792 616 981 693 capiat
1014 614 1275 691 ignaros,
1317 614 1414 692 qui
1446 614 1648 687 iidem,
1706 613 1845 690 quid
1880 613 1940 671 in
1972 633 2088 673 nna

89 719 312 778 quaque
335 719 400 760 re
426 701 526 758 vsti
559 699 663 774 sit,
704 707 989 777 nequeant
1013 700 1275 761 iudicare.
1356 700 1555 778 Itaque
1585 717 1756 776 quum
1795 698 1909 760 sint
1935 698 2093 759 docti

87 803 125 845 a
147 785 370 864 peritis:-
413 785 685 844 desistunt
715 785 876 845 facile
899 786 1193 847 sententia.
1774 778 1778 795 ³
2050 806 2063 821 ⁸

91 908 98 913 -
197 869 295 931 lv,
346 869 511 929 Haec
555 866 730 947 igitur
767 870 985 946 officia,
1039 870 1116 930 de
1152 869 1354 948 quibus
1404 869 1489 929 his
1539 867 1692 927 libris
1751 867 2089 942 disserimus,

89 956 299 1032 quasi
352 957 682 1016 secunda
750 957 1105 1034 quaedam
1158 955 1475 1015 honesta
1526 973 1657 1013 esse·
1694 954 1917 1027 dicunt,
1971 973 2093 1016 non
2215 964 2223 972 ’

88 1041 420 1120 sapientium
456 1043 629 1100 modo
668 1042 897 1120 propria
934 1042 1037 1100 sed
1053 1060 1187 1099 cum
1215 1041 1364 1099 omni
1387 1039 1672 1107 hominum
1702 1057 1909 1116 genere
1936 1057 2088 1101 com-

85 1124 293 1187 munia.
369 1128 477 1205 16.
520 1127 718 1204 Itaque
753 1123 1080 1199 iis-omnes,
1137 1126 1197 1186 in
1241 1126 1463 1203 quibus
1486 1130 1573 1187 est
1594 1125 1815 1184 virtutis
1849 1123 2089 1200 indoles,

86 1215 517 1272 commoventur.
600 1210 726 1272 Nec
766 1230 929 1287 vero,
975 1231 1144 1293 quum
1174 1209 1288 1272 duo
1311 1211 1470 1274 Decii
1510 1217 1606 1271 aut
1642 1211 1755 1268 duo
1796 1210 2091 1288 Scipiones

77 1294 258 1377 fortes
282 1298 395 1356 viri
418 1290 915 1357 commemorantur
953 1303 1053 1356 ant
1080 1317 1259 1391 quoq
1293 1296 1583 1356 Fabricius
1616 1293 1954 1357 Aristidesve
1997 1299 2089 1355 iu·
2166 1350 2176 1361 ,

84 1387 204 1442 stus
227 1382 579 1457 nominatur,
622 1388 720 1442 aut
743 1384 814 1441 ab
842 1382 945 1441 illis
969 1382 1307 1442 fortitudinis
1328 1387 1428 1440 aut
1450 1381 1522 1440 ab
1545 1381 1631 1440 his
1658 1381 1919 1454 iustitiae,
1960 1385 2090 1442 tan·

84 1485 253 1546 quam
290 1486 326 1529 a
363 1467 651 1547 sapiente,
709 1469 918 1546 petitur
947 1465 1273 1545 exemplmn.
1371 1465 1554 1526 Nemo
1592 1467 1739 1526 enim
1775 1466 1970 1525 horum
2007 1469 2089 1527 sie

82 1553 307 1632 sapiens
344 1559 462 1628 est,
502 1560 566 1613 ut
595 1554 902 1631 sapientem
922 1551 1172 1610 voltu-nus
1194 1551 1459 1627 intelligi3
1500 1570 1613 1610 nec
1629 1550 1703 1620 ii,
1746 1551 1842 1626 qui
1865 1550 2089 1630 sapien·-

80 1644 169 1698 tes
203 1637 376 1697 habiti
411 1643 478 1698 ‘et
513 1640 812 1711 nominati,
854 1637 935 1699 M.
949 1637 1111 1721 ‘Cato
1148 1644 1207 1696 et
1246 1637 1312 1694 C.
1350 1635 1606 1708 Laelius,
1650 1638 1931 1714 sapientes
1965 1638 2115 1696 ἤιε-ω
2152 1646 2163 1651 “

77 1723 260 1797 mnf}
284 1755 375 1768 --
409 1743 485 1783 ne
526 1724 604 1783 illi
648 1724 870 1801 quidem
905 1727 1155 1800 septem3
1203 1723 1306 1782 sed
1328 1742 1396 1782 ex
1439 1721 1743 1781 mediorum
1782 1719 2088 1783 officiorum
2122 1782 2127 1793 ,
2188 1772 2206 1784 ,

77 1808 395 1886 frequentia
429 1808 840 1868 similitudinem
870 1807 1164 1885 quandam.
1180 1807 1455 1884 gerebant
1484 1806 1837 1884 speciemque
1859 1807 2086 1885 sapien·-
2178 1854 2209 1892 Ι.
2306 1864 2311 1871 ⁴
2360 1824 2371 1837 ¹

76 1893 236 1954 tium.
327 1896 425 1958 17.
469 1894 742 1962 Quocirca
774 1913 878 1954 nec
904 1894 1002 1966 id,
1046 1893 1199 1970 quod
1228 1894 1357 1953 'vere
1389 1892 1781 1952 honestum
1823 1896 1942 1965 est,
1995 1892 2087 1952 fas

78 1980 168 2040 est
192 1997 317 2039 cum
358 1978 730 2038 utilitatis
769 1979 1280 2056 repugnantia
1318 1972 1643 2057 comparari,
1680 1995 1785 2036 nec
1821 1977 1881 2035 id
1927 1976 2108 2054 quod„

75 2064 441 2125 communiter
468 2063 808 2145 appellamus
832 2062 1054 2123 hones
1070 2068 1217 2123 tum
1262 2065 1414 2140 qu'od
1442 2063 1638 2122 colitur
1663 2063 1734 2120 ab
1757 2063 1825 2120 iis
1852 2064 1948 2138 qui
1973 2061 2078 2120 bo-

72 2168 256 2211 nosse
282 2149 429 2209 viros
452 2149 647 2209 haberi
663 2149 877 2223 volunt,
918 2167 1040 2207 cum
1065 2148 1450 2209 emolumentis
1473 2165 1723 2225 unquam
1748 2153 1833 2207 est
1853 2166 2085 2226 compa-

70 2235 347 2306 randum3
387 2240 618 2312 tamque
647 2234 707 2293 id
732 2233 1022 2293 honestum
1042 2276 1060 2307 ,
1103 2234 1258 2310 quod
1291 2232 1349 2291 in
1382 2238 1626 2292 nostram
1655 2232 2081 2311 intelligentiam

70 2320 259 2394 cadit,
301 2320 567 2380 tuendum
590 2319 1135 2395 conservandumque
1172 2316 1337 2377 nobis'
1361 2324 1449 2378 est
1465 2362 1482 2391 ,
1524 2335 1695 2394 quam
1719 2316 1883 2390 illud,
1925 2318 2083 2393 quod

67 2406 300 2486 proprie
331 2405 529 2463 dicitnr
555 2422 798 2481 vereque
830 2409 915 2464 est
939 2403 1253 2478 honestum,
1295 2403 1655 2482 sapientibus.
1722 2399 1900 2461 Aliter
1928 2403 2079 2461 enim
2180 2436 2185 2445 ·

66 2490 251 2551 teneri
280 2504 395 2549 non
416 2495 627 2570 potest,
669 2491 720 2548 si
749 2507 861 2566 qua
887 2489 963 2546 ad
991 2489 1251 2549 virtutem
1279 2493 1364 2548 est
1391 2490 1540 2547 facta
1564 2487 1900 2566 progressio.
1958 2487 2084 2571 Sed

53 2575 212 2636 'haec
229 2575 473 2654 ,quidem
513 2574 588 2635 de
618 2575 689 2633 iis
710 2617 729 2648 ,
771 2574 869 2651 qui
899 2574 1319 2639 conservatione
1354 2570 1658 2635 officiorum
1698 2573 2080 2645 existimantur
2172 2590 2183 2597 ¹

64 2659 225 2723 beni.
312 2663 413 2731 18.
455 2660 782 2730 Quiautem
810 2658 999 2718 omnia
1022 2659 1323 2723 metiuntur
1346 2656 1728 2727 emolumentis
1755 2663 1812 2716 et
1835 2676 2081 2716 commo-
2116 2704 2119 2709 .

66 2745 159 2805 dis
182 2763 367 2823 neque
391 2765 461 2807 ea
487 2743 677 2805 volunt
699 2738 1134 2825 praeponderari
1168 2743 1467 2805 honestate
1484 2786 1502 2817 ,
1545 2742 1586 2801 ii
1616 2740 1800 2802 solent
1835 2741 1896 2801 in
1924 2741 2078 2801 deli-

64 2831 324 2897 berando
362 2831 657 2893 honestum
703 2848 828 2890 cum
883 2848 951 2889 eo
968 2872 987 2904 ,
1046 2829 1203 2907 qnod
1239 2828 1375 2888 utile
1417 2832 1614 2906 putant
1635 2869 1653 2901 ,
1722 2844 2076 2904 comparare3

62 2915 206 2977 boni
231 2915 338 2975 viri
361 2910 490 2976 'nou
527 2913 730 2975 solent.
811 2913 1012 2991 Itaque
1054 2913 1304 2974 existimo
1319 2957 1342 2988 ,
1384 2912 1744 2986 Panaetium,
1781 2930 1949 2988 quum
1989 2910 2077 2970 di·
2126 2908 2133 2917 ’

59 2992 226 3062 xerit'
245 2999 474 3060 homines
518 3000 681 3061 solere
717 3004 777 3060 in
820 2999 925 3059 hac
973 3001 1365 3077 cmnparatione
1397 2996 1647 3061 dubitare
1663 3039 1684 3071 ,
1741 2997 1849 3056 hoc
1889 2997 2074 3078 ipsum

61 3086 308 3148 sens‘ss‘se
324 3129 343 3161 ‚
399 3085 556 3166 quod
584 3086 784 3147 dixerit
835 3083 999 3145 solere
1038 3086 1239 3158 modo,
1279 3103 1395 3144 non
1431 3085 1595 3144 etiam
1637 3088 1884 3162 oportere.
1967 3084 2074 3142 Et-

62 3171 219 3233 enim
255 3191 370 3230 non
397 3171 568 3231 modo
597 3170 770 3250 pluris
810 3179 1010 3249 putare
1032 3170 1185 3247 quod
1213 3169 1347 3230 utile
1368 3170 1657 3242 videatur,
1716 3164 1883 3247 quam
1915 3168 2072 3246 quod

57 3256 360 3318 honestum
375 3299 395 3331 ,
437 3258 540 3317 sed
574 3257 744 3317 etiam
777 3254 916 3317 haec
938 3256 1083 3314 inter
1110 3275 1173 3316 se
1200 3273 1523 3334 comparare
1543 3257 1604 3313 et
1628 3253 1688 3314 in
1712 3252 1800 3313 his
1835 3253 2074 3314 addubi-

58 3348 192 3418 tare
230 3337 608 3421 turpissimum
648 3347 753 3402 est.
840 3341 993 3413 Quid
1028 3359 1165 3418 ergo
1193 3344 1308 3413 est,
1352 3340 1506 3417 quod
1534 3357 1936 3416 nonnunquam
1968 3339 2074 3400 du·-

58 3425 397 3488 bitationem
419 3427 621 3499 afferre
644 3425 823 3487 soleat
847 3425 1418 3504 considerandumque
1433 3421 1728 3485 videatur?
1769 3424 1977 3499 Credo,
2022 3423 2072 3485 si

58 3511 298 3591 quando
351 3511 629 3572 dubitatio
682 3511 881 3572 accidit
898 3553 918 3585 ,
974 3510 1138 3588 quale
1177 3511 1254 3569 sit
1292 3512 1353 3570 id
1396 3511 1470 3570 de
1513 3527 1627 3586 quo
1674 3502 2071 3581 consideretur.

63 3601 172 3664 19.
209 3597 402 3679 Saepe
430 3596 580 3659 enim
596 3601 847 3678 tempore
879 3595 948 3657 fit
979 3602 1077 3673 ut,
1121 3596 1276 3675 quod
1315 3601 1483 3676 turpe
1517 3594 1842 3677 plerumque
1878 3593 2071 3654 haberi
