2417 3967
355 255 467 333 ‘co
798 262 1315 327 <nonnosus
1365 262 1481 349 m:
1535 263 1945 326 meamus

367 438 492 499 ,qua
519 423 704 481 aetate
719 463 738 497 ,
780 400 877 497 q¹ui
893 425 1267 495 exercentur,
1307 420 1471 481 laude
1510 417 1659 481 affici
1689 418 1903 494 solent,
1943 417 2033 494 (ut
2069 415 2139 479 de
2158 416 2350 479 Demo-

382 506 579 565 sthene
604 506 972 584 accepimus,)
1019 525 1086 566 ea
1112 505 1376 566 aetateL.
1402 506 1640 565 Crassus
1664 506 1944 578 ostendit,
1987 505 2050 562 id
2081 523 2141 579 se
2162 505 2218 562 in
2244 506 2350 567 soro

380 593 589 669 optime
616 590 723 649 iam
751 591 951 664 facere,
993 593 1149 667 quod
1175 591 1341 653 etiam
1366 598 1482 650 tum
1504 595 1725 670 poterat
1743 590 1900 648 domi
1919 609 2041 648 cum
2071 570 2352 648 laude⁸me·

380 676 559 735 ditari.
645 674 796 734 X1V.
842 675 942 739 48.
988 676 1105 736 Sed
1126 695 1295 753 quum
1319 675 1682 754 duplexratio
1709 675 1786 733 sit
1812 674 2200 747 orationis,
2237 692 2350 750 qua·
2390 674 2391 741 J

383 780 505 821 rum
548 761 606 819 in
648 760 818 819 altera
863 780 1095 821 sermo
1136 761 1243 836 sit,
1286 760 1345 820 in
1386 761 1564 820 altera
1587 760 2161 819 contentio:.non
2193 764 2275 818 est
2306 758 2349 814 id

328 910 335 927 ι
379 847 610 925 quidem
635 845 863 904 dubium
893 847 1030 924 quin
1054 846 1334 907 contentio
1357 845 1619 904 orationis
1644 845 1909 907 maiorem
1944 845 2056 903 vim
2081 843 2278 902 habeat
2296 841 2349 900 ad
2390 894 2391 901 ,

377 930 642 1009 gloriarm
669 961 754 979 -—-
797 930 897 1002 (ea
924 937 1012 990 est
1039 933 1222 1005 enim,
1263 950 1430 1009 quam
1457 930 1956 1006 eloquentiam
1987 929 2348 1003 dicimus;)-
2390 950 2391 977 ;

382 1018 482 1077 sed
513 1023 701 1075 tamen
734 1015 960 1076 difficile
988 1017 1138 1076 dictu
1178 1023 1264 1076 est
1292 1021 1504 1095 quanto
1531 1034 1702 1093 opere
1734 1015 1989 1075 conciliet
2024 1015 2238 1073 animos
2268 1031 2346 1072 eo·

380 1102 607 1161 mitas
653 1100 1232 1179 affabilitasque
1272 1101 1656 1162 sermonis.
1736 1100 1979 1159 Eistant
2016 1098 2280 1178 epistolae
2307 1104 2347 1154 et

380 1186 623 1264 Philippi
647 1186 723 1244 ad
738 1184 1109 1266 Alexandrum
1137 1193 1196 1246 et
1217 1185 1498 1266 Antipatri
1525 1187 1599 1245 ad
1626 1185 2010 1245 Cassandrum
2037 1190 2099 1245 et
2122 1182 2347 1259 Antigoni

380 1273 457 1330 ad
489 1270 804 1350 Philippum
831 1271 1031 1345 filium,
1071 1272 1237 1331 trium
1263 1271 1812 1351 prudentissimorum
1826 1314 1846 1346 ,
1889 1271 2002 1345 (sic
2046 1269 2198 1328 enim
2225 1286 2346 1328 acce-

303 1402 310 1403 ,
376 1358 555 1435 pimus
570 1358 619 1432 ,)
662 1357 860 1434 quibus
887 1359 1236 1437 praecipiunt
1264 1362 1327 1417 ut
1347 1359 1583 1416 oratione
1605 1358 1832 1433 bem‘gna
1861 1354 2230 1416 multitudines
2262 1354 2350 1411 ai·

305 1452 316 1463 ‘
376 1460 489 1501 mos
520 1440 596 1500 ad
638 1442 1062 1523 benevolentium.
1079 1442 1333 1504 alliciant
1379 1442 1673 1522 militesque
1708 1439 1899 1501 blande
1941 1439 2258 1521 appellnda
2283 1437 2347 1496 de·

367 1527 591 1587 leniant.
1896 1574 1901 1587 .

504 1614 666 1684 Quae
702 1619 890 1674 autem
942 1616 1001 1673 in
1053 1612 1405 1674 multitudine
1450 1633 1572 1674 cum
1619 1613 2116 1675 contentione
2156 1609 2349 1672 habam
2390 1632 2391 1643 ¹

376 1699 553 1761 oratio
566 1741 586 1775 ,
629 1718 696 1759 ea
729 1719 899 1779 saepe
924 1700 1236 1760 universam
1263 1701 1480 1759 excitat.
1564 1697 1776 1776 Magna
1811 1705 1899 1759 est
1920 1699 2077 1759 enim
2101 1694 2347 1758 admiratio

377 1785 601 1863 copiose
636 1778 1029 1864 sapienterque
1071 1786 1303 1845 dicentis
1318 1827 1337 1858 ,
1395 1803 1561 1862 quem
1604 1785 1707 1862 qui
1745 1784 1986 1867 audiunt
2000 1829 2021 1857 ,
2080 1782 2347 1857 intelligas

375 1870 541 1935 etiam
585 1875 641 1929 et
684 1889 882 1949 sapere
914 1870 1038 1949 plus
1068 1890 1236 1949 quam
1275 1868 1493 1953 ceteros
1521 1870 1899 1929 arbitrantur(
1962 1870 2029 1927 Si
2072 1888 2210 1928 vero
2244 1869 2347 1925 ines

372 1955 435 2013 in
451 1952 701 2015 oratione
727 1956 897 2013 mixta
927 1957 1235 2016 modestiae
1259 1955 1503 2031 gravitas
1514 1977 1531 2025 ς
1559 1955 1692 2015 nihil
1715 1954 2102 2015 admirabilius
2124 1954 2243 2014 fieri
2252 1956 2345 2030 μὶ·

376 2035 498 2114 est',
539 2057 720 2115 eoque
762 2041 976 2117 magis,
1020 2042 1067 2100 si
1097 2060 1165 2101 ea
1190 2041 1400 2099 suntin
1426 2040 1791 2101 adolescente.
1879 2039 2181 2113 49.-Sed‚
2219 2052 2346 2114 qm
2388 2066 2389 2069 ¹

376 2125 489 2209 sint
510 2123 671 2202 plura
700 2144 984 2184 causarum
1011 2145 1238 2204 genera,
1279 2144 1426 2203 quae
1457 2126 1829 2203 eloquentiam
1861 2126 2212 2199 desiderent,
2242 2119 2348 2181 mul-

375 2210 536 2287 tique
573 2209 632 2269 in
654 2212 849 2269 nostra
870 2231 932 2270 re
958 2211 1180 2290 publica
1207 2210 1587 2271 adolescentes
1617 2218 1678 2271 et
1714 2211 1868 2289 apud
1893 2210 2115 2271 iudices
2158 2217 2213 2269 et
2234 2201 2347 2286 apud

376 2298 630 2356 senatum
655 2296 889 2357 dicendo
912 2296 1136 2379 laudem
1156 2296 1394 2356 assecuti
1423 2297 1559 2355 sint:
1602 2297 1840 2371 maxima
1881 2300 1971 2356 est
1999 2294 2285 2355 admiratio
2306 2290 2347 2345 in

372 2380 610 2455 iudiciis,
639 2400 873 2459 quorum
894 2383 1035 2440 ratio
1061 2382 1264 2460 duplex
1288 2388 1390 2440 est.
1449 2381 1598 2440 Nam
1625 2401 1696 2442 ex
1723 2381 2083 2443 accusatione
2114 2386 2174 2441 et
2193 2377 2348 2438 desm-

372 2467 530 2525 sione
556 2471 803 2540 constat3
846 2486 1080 2545 quarum
1107 2467 1219 2527 etsi
1237 2465 1563 2526 laudabilior
1589 2473 1676 2527 est
1705 2465 1982 2540 defensio,
2002 2473 2197 2526 tamen
2220 2463 2345 2522 etiam

374 2552 651 2610 accusatio
695 2554 933 2631 probata
964 2571 1240 2632 persaepe
1285 2558 1390 2611 est.
1471 2551 1604 2612 Dixi
1649 2550 1837 2631 paullo
1876 2559 2018 2611 ante
2054 2553 2134 2612 de
2166 2550 2341 2609 cmm
2385 2522 2388 2694 l

372 2635 531 2697 Idem
571 2636 704 2696 fecit
738 2636 1061 2698 adolescens
1086 2637 1167 2696 Μ.
1200 2635 1491 2696 Antonius.
1538 2630 1541 2641 ’
1575 2634 1760 2697 Etiam
1783 2636 1850 2696 P.
1876 2637 2097 2715 Sulpici
2122 2636 2341 2712 eloquen-

297 2746 308 2749 ·
374 2721 513 2780 tiam
538 2723 810 2781 accusatio
832 2723 1136 2797 illustravit,
1169 2740 1343 2798 quum
1366 2722 1688 2783 seditiosum
1715 2730 1773 2783 et
1792 2722 2049 2781 inutilem
2075 2723 2263 2791 civem,
2296 2714 2340 2770 C·

370 2804 696 2869 Norbanum
713 2851 732 2882 ,
773 2809 834 2867 in
856 2809 1115 2868 iudicium
1140 2809 1376 2867 vocavit.
1461 2808 1563 2874 50.
1603 2808 1724 2868 Sed
1758 2806 1865 2866 hoc
1892 2807 2129 2884 quidem
2159 2823 2265 2865 non
2281 2804 2341 2859 &²

373 2909 545 2970 saepe
561 2892 877 2952 faciendum
893 2936 914 2966 ,
956 2912 1062 2953 nec
1083 2912 1328 2971 unquam
1349 2893 1456 2951 nisi
1482 2898 1582 2952 aut
1602 2893 1682 2952 rei
1711 2891 1969 2971 publicae
1998 2910 2198 2966 causa,
2242 2882 2339 2979 ut}i

374 2995 515 3058 quos
564 2983 694 3037 ante
711 3045 720 3051 .
736 2979 883 3051 dixi,
927 2984 1025 3038 aut
1060 2978 1394 3053 ulciscendi,
1435 2984 1502 3037 nt
1533 2978 1645 3037 duo
1674 2974 1920 3052 Luculli,
1961 2983 2069 3037 aut
2091 2973 2338 3058 patmon,
2384 2978 2385 2989 ¹

372 3065 439 3119 nt
465 3080 568 3119 nos
600 3082 704 3139 pro
727 3063 927 3123 Siculis
944 3107 963 3137 ,
1010 3083 1115 3142 pro
1142 3064 1336 3122 Sardis
1360 3064 1421 3121 in
1441 3063 1673 3123 Albucio
1694 3060 1882 3145 Iulius.
1967 3062 2043 3121 In
2065 3055 2336 3123 accusant!⁰

372 3145 538 3205 etiam
562 3145 660 3204 Μ’.
688 3145 927 3225 Aquillio
952 3147 1023 3207 L.
1050 3149 1179 3208 Fufi
1206 3148 1430 3225 cognita
1468 3149 1745 3208 industria
1784 3154 1889 3208 est.
1976 3146 2171 3208 Semel
2206 3144 2335 3220 igitm
2382 3154 2383 3169 ¹

369 3235 470 3289 aut
499 3249 614 3289 non
635 3248 804 3309 saepe
824 3240 994 3295 certe.
1056 3233 1160 3292 Sin
1187 3235 1294 3293 erit
1314 3234 1403 3293 cui
1427 3234 1739 3294 faciendum
1760 3234 1836 3295 sit
1858 3234 2122 3312 saepius:
2163 3231 2237 3291 rei
2256 3243 2334 3307 pfl·
2382 3236 2383 3275 ἓ

347 3315 542 3375 ‘blicae
568 3316 779 3374 tribnat
801 3316 912 3376 hoc
932 3320 1194 3392 muneriS,
1237 3319 1389 3377 cuius
1415 3318 1665 3378 inimicos
1692 3318 1875 3378 ulcisci
1899 3318 2128 3398 saepius
2145 3333 2249 3377 non
2269 3313 2335 3369 est

367 3399 901 3478 reprehendendum.
966 3401 1177 3461 Modus
1205 3410 1391 3463 tamen
1416 3404 1579 3462 adsit.
1653 3404 1793 3464 Duri
1803 3406 1965 3463 „enim
2003 3402 2251 3474 hominis,
2268 3390 2330 3453 vd

305 3524 320 3529 -
366 3485 554 3561 potius
575 3486 665 3543 vix
694 3485 936 3545 hominis
947 3488 1167 3546 videtur
1205 3486 1506 3567 periculum
1545 3482 1743 3568 capitis
1777 3489 1989 3549 inferre
2015 3488 2218 3550 multis.
2280 3476 2329 3537 1²¹
2380 3518 2381 3533 π

365 3584 538 3644 quum
554 3566 919 3650 periculosum
938 3572 1056 3653 ipsi
1075 3577 1192 3649 est,
1228 3578 1349 3634 tum
1377 3575 1541 3634 etiam
1570 3575 1857 3639 sordidum
1882 3575 1962 3635 ad
1984 3576 2191 3639 faulam
2211 3582 2327 3630 cu*
2380 3638 2381 3643 η

2348 3818 2379 3927 j
