2417 3967
482 245 491 253 ’
562 246 740 312 LIB.
782 247 884 310 111.
970 243 1169 311 ΟΑΡ.
1217 247 1319 316 15.
1363 249 1463 317 16.
1515 254 1616 320 17.
1759 308 1766 317 .
2004 257 2091 321 91

91 410 198 471 tus
220 411 375 467 esset
402 411 816 488 cognossetque
830 446 849 479 ‚
849 368 1189 465 Claudium
1233 400 1426 467 aedes
1443 412 1649 486 postea
1683 406 2092 487 proscripsisse,
2172 466 2179 485 ‚
2274 375 2285 382 .

90 480 264 573 qnam
289 499 435 555 esset
459 494 532 552 ab
551 493 857 568 auguribus
882 491 1177 551 demoliri
1162 510 1385 567 iussus,
1370 490 1671 553 arbitrum
1698 494 1850 553 illum
1879 495 2091 571 adegit,

90 596 398 648 qmnqmn
427 597 559 635 sun
592 594 751 635 nm
794 584 1019 636 menne
1054 594 1403 636 oron‘rmm'r
1445 597 1532 636 Ex
1571 598 1710 639 rma
1747 588 1925 639 ΒόΝΑ.
2008 577 2092 639 M.

89 665 241 726 cato
280 665 612 724 sententiam
637 640 808 737 dixit,
852 664 1010 723 huius
1045 664 1222 722 nostri
1251 665 1483 723 Catonis
1526 672 1706 744 pater.
1794 665 1908 740 (Ut
1941 665 2091 725 enim

88 751 264 811 ceteri
291 769 361 809 ex
383 749 675 828 patribus,
693 749 831 823 sic,
877 749 975 826 qui
1002 749 1192 808 lumen
1224 748 1360 808 illu‘d
1384 752 1709 828 progenuit,
1753 770 1824 810 ex
1865 750 1979 809 filio
2004 750 2132 810 est'·

88 833 515 910 nominandus.)
597 834 653 893 Is
690 834 858 911 igitur
896 834 1065 895 iudex
1097 836 1175 893 ita
1209 832 1619 912 pronuntiavit:
1678 854 1836 914 quum
1877 855 1935 894 m
1950 854 2092 895 ven-

84 918 261 980 dendo
291 938 400 978 rem
433 936 550 977 eam
590 914 881 1001 scissetfet
931 938 1039 977 non
1071 923 1507 997 pronuntiasset:
1560 925 1787 999 emptori
1837 919 2090 981 damnum

77 1007 362 1086 praestari
399 1009 647 1099 oportere.
734 1009 836 1070 67.
882 1003 1035 1080 Ergo
1065 1006 1152 1063 ad·
1166 1005 1335 1065 fidem
1369 1007 1576 1065 bonam
1607 1008 1802 1066 statuit
1842 1007 2090 1085 pertine·
2121 1074 2128 1083 ,

86 1092 192 1169 re,
227 1094 421 1149 notum
447 1110 571 1150 esse
604 1090 839 1170 emptori
851 1089 1092 1163 (vitium,
1148 1090 1303 1167 quod
1337 1095 1528 1152 nosset
1554 1092 1826 1151 venditor.
1916 1091 2091 1160 Quod

23 1208 30 1213 ·
63 1163 139 1237 'si
161 1180 316 1236 recte
340 1175 635 1235 iudicavit.
666 1194 782 1234 non
805 1166 954 1235 recte
984 1176 1373 1251 frumentarius
1398 1176 1508 1251 ille,
1548 1196 1665 1236 non
1686 1183 1835 1236 recte
1865 1179 2088 1238 aedium
2136 1184 2141 1189 '

83 1248 467 1342 pestilentium
504 1234 764 1323 venditor
806 1260 994 1320 tacuit.
1092 1261 1210 1320 Sed
1250 1262 1559 1327 huiusmodi
1597 1263 1920 1324 reticentiae
1968 1263 2088 1333 iure
2110 1297 2125 1306 ,
2217 1292 2227 1309 ·

83 1346 232 1408 civili
275 1364 472 1406 omnes
515 1345 906 1427 comprehendi
944 1362 1062 1407 non
1096 1354 1358 1425 possunt;
1417 1367 1564 1425 quae
1603 1354 1792 1408 autem
1832 1353 2086 1427 possunt,

82 1432 390 1508 diligenter
415 1437 700 1491 tenentur.
744 1429 827 1489 M.
855 1429 1068 1505 Marius
1098 1431 1483 1505 Gratidianus,
1507 1434 1851 1511 propinquus
1873 1439 2087 1507 noster,

83 1517 162 1577 C.
191 1517 391 1594 Sergio
421 1517 634 1578 Oratae
670 1498 1001 1576 vendiderat
1032 1516 1202 1576 aedes
1246 1535 1374 1591 eas,
1419 1535 1558 1595 quas
1598 1518 1670 1576 ab
1718 1518 1918 1577 eodem
1960 1519 2087 1598 ipse
2118 1553 2133 1569 ι
2165 1515 2193 1525 ’
2236 1500 2239 1509 ”

78 1602 281 1683 paucis
303 1608 434 1661 ante
459 1603 623 1661 annis
649 1607 876 1662 emerat.
960 1601 1091 1661 Hae
1127 1598 1456 1663 serviebant.
1542 1603 1659 1661 Sed
1697 1601 1850 1662 hoc
1834 1623 1895 1663 ιιι
1924 1621 2089 1662 man·
2127 1676 2132 1682 Ι

80 1687 236 1767 cipio
259 1687 475 1747 Marius
503 1707 621 1747 ιιοιι
646 1688 878 1747 dixerat.
961 1684 1223 1746 Adducta
1250 1707 1341 1747 res
1376 1688 1435 1747 in
1461 1687 1722 1746 iudicium
1748 1693 1851 1747 est.
1937 1689 2087 1746 Ora-

78 1780 204 1834 tam
239 1771 506 1846 Crassus,
552 1772 944 1832 Gratidianum
968 1759 1315 1832 defendebat
1352 1771 1644 1833 Antonius·
1727 1772 1821 1831 Ius
1852 1767 2102 1832 Crassus
2130 1768 2133 1773 '

76 1857 355 1936 urgebat,
412 1857 552 1938 quod
600 1860 711 1918 viti
749 1858 994 1918 venditor
1041 1876 1146 1918 non
1183 1856 1455 1934 datust,
1498 1861 1696 1930 sciens,
1755 1855 1847 1916 td
1856 1864 2087 1937 oportere
2154 1888 2173 1945 ᾗ

67 1945 391 2025 praestari,
453 1944 790 2021 aequitatem
828 1941 1106 2003 Antonius
1121 1989 1141 2018 ,
1198 1947 1448 2023 quoniam
1494 1944 1557 2003 id
1604 1945 1802 2003 vitzum
1839 1947 2086 2021 ignotam

81 2029 290 2105 Sergio
315 2046 420 2088 non
447 2028 652 2107 suisset
666 2072 687 2104 ,
732 2032 830 2108 qui
851 2029 982 2089 illae
1005 2029 1160 2090 aedes
1195 2029 1548 2103 vendidisset,
1591 2028 1731 2088 nihil
1766 2029 1951 2110 fuisse
1987 2049 2080 2088 ne-

77 2132 228 2176 cesse
254 2113 372 2173 dici
392 2133 486 2173 nec
513 2134 632 2175 eum
662 2134 771 2173 esse
798 2114 1102 2192 deceptum,
1146 2115 1357 2195 quiid,
1400 2114 1538 2193 quod
1566 2121 1792 2187 emerat,
1838 2134 1940 2194 quo
1965 2119 2084 2174 iure

23 2253 29 2259 .
79 2204 256 2274 esset,
285 2204 512 2259 teneret.
619 2202 722 2266 68.
768 2200 1017 2270 Quorsus
1051 2197 1235 2259 haec?
1305 2200 1391 2259 Ut
1431 2199 1566 2258 illud
1602 2200 1914 2276 intelligas,
1967 2218 2083 2258 non

75 2286 363 2368 placuisse
405 2285 708 2347 maioribus
747 2285 954 2345 nostris
993 2291 1227 2344 astutoS.
1323 2283 1498 2345 XVII.
1541 2285 1660 2344 Sed
1705 2284 1870 2345 aliter
1905 2284 2084 2360 legeS,
2128 2350 2135 2359 x

72 2372 248 2432 anter
269 2369 582 2449 philosophi
602 2370 804 2430 tollunt
826 2360 1090 2430 astutias}
1138 2369 1293 2446 leges
1308 2411 1328 2443 ,
1371 2375 1649 2448 quatenus
1684 2389 1855 2430 manu
1888 2376 2084 2431 tenera

71 2461 356 2538 possunt,
337 2477 351 2490 ·
397 2454 728 2538 philosophi,
771 2463 1045 2535 quatenus
1084 2457 1307 2516 ratione
1348 2461 1411 2516 et
1449 2454 1830 2532 intelligentia.
1911 2454 2083 2515 Ratio

72 2544 257 2620 igitur
294 2540 573 2619 postulat,
614 2559 689 2601 ne
729 2543 868 2618 quid
905 2541 1200 2615 insidiose,
1243 2557 1337 2600 ne
1346 2541 1484 2618 quid
1507 2538 1797 2613 simulate,
1834 2556 1911 2600 ne
1943 2540 2084 2617 quid

23 2624 26 2627 “
70 2625 371 2689 fallaciter.
456 2626 674 2686 Suntne
697 2626 872 2703 igitur
893 2624 1126 2686 insidiae
1150 2622 1383 2686 tendere
1418 2625 1657 2725 plagas,
1679 2625 1899 2685 etiamsi
1932 2625 2083 2686 exci-

59 2704 298 2775 'taturus
321 2729 449 2770 non
489 2712 572 2779 sis
592 2707 788 2790 [feras]
823 2730 930 2771 nec
959 2709 1312 2786 agitaturus?
1377 2711 1543 2790 Ipsae
1569 2710 1717 2769 enim
1744 2711 1901 2770 ferae
1924 2709 2080 2770 nullo

71 2800 415 2875 insequente
441 2815 612 2875 saepe
645 2796 914 2856 incidunt.
1000 2796 1097 2855 Sic
1136 2801 1195 2855 tu
1235 2798 1404 2857 aedes
1440 2794 1782 2874 proscribaS,
1835 2794 2077 2857 tabulam

23 2937 33 2945 .
73 2890 356 2960 tanquam
382 2879 609 2960 plagam
629 2899 846 2961 ponas,
883 2878 1139 2942 domum
1147 2888 1382 2960 propter
1413 2882 1549 2940 vitia
1580 2880 1821 2940 vendas.
1864 2881 1922 2939 in
1951 2899 2079 2941 eam
2166 2917 2175 2921 -

70 2966 294 3045 aliquis
311 2967 558 3027 incurrat
583 2964 946 3044 imprudens?
1031 2968 1133 3031 69.
1158 2966 1289 3026 Hoc
1310 2983 1628 3045 quanquam
1651 2965 1816 3025 video
1846 2970 2079 3044 propter
2162 2986 2171 2997 ⁴

69 3051 543 3134 depravationem
600 3051 1009 3113 consuetudinis
1053 3069 1239 3129 neque
1277 3071 1431 3112 more
1462 3057 1626 3135 turpe
1666 3050 1859 3109 haberi
1893 3069 2079 3128 neque

67 3145 177 3200 aut
203 3136 352 3213 lege
392 3137 594 3196 sanciri
633 3143 733 3197 aut
765 3136 887 3198 iure
926 3124 1097 3196 civili.
1155 3142 1346 3196 tamen
1386 3142 1620 3211 naturae
1658 3134 1786 3212 lege
1826 3141 2078 3194 sanctum

67 3230 186 3287 est.
276 3220 534 3282 Societas
578 3227 664 3281 est
706 3222 886 3295 enim,
942 3221 1128 3299 (quod
1153 3223 1257 3280 etsi
1295 3239 1468 3300 saepe
1491 3201 1699 3280 dictum
1737 3227 1842 3294 est,
1887 3221 2078 3289 dicen-

23 3308 26 3311 ’
66 3311 214 3371 dnm
246 3312 337 3368 est
356 3309 542 3366 tamen
569 3307 842 3390 saepius)
881 3300 1148 3366 latissime
1186 3307 1414 3383 quidem
1450 3325 1595 3383 quae
1633 3310 1859 3384 pateat,
1901 3302 2079 3364 homi-

62 3413 218 3456 num
244 3391 393 3450 inter
419 3410 644 3452 omnes·
669 3391 912 3457 interior
943 3409 1134 3452 eorum
1172 3392 1269 3468 qui
1296 3391 1542 3451 eiusdem
1578 3391 1758 3466 gentis
1790 3391 1919 3462 sint,
1944 3408 2077 3468 pro-

55 3479 203 3563 pior
240 3493 433 3537 eorum
478 3478 573 3554 qui
611 3477 860 3537 eiusdem
903 3475 1160 3536 civitatis.
1274 3475 1477 3554 Itaque
1512 3476 1751 3535 maiores
1790 3473 1943 3534 aliud
1987 3474 2073 3533 ius

54 3563 356 3648 gentium,
395 3559 568 3625 aliud
575 3562 712 3638 [ius]
737 3561 895 3624 civile
926 3580 1051 3625 esse
1089 3558 1400 3625 voluerunt.
1499 3560 1672 3632 Quod
1721 3559 1878 3620 civile
1893 3600 1919 3645 ,
1956 3576 2071 3618 ιιοιι
