2417 3967
627 239 802 302 LIB.
847 238 944 301 111.
1007 235 1225 332 cAP.
1269 182 1372 306 az.
1416 234 1519 309 33.
1956 218 2084 311 ἰοτ

76 398 281 461 doloris
309 396 643 467 detractione
675 398 854 476 finivi.
920 391 1210 456 Iustitia
1240 396 1500 474 vacillat,
1563 396 1654 459 vel
1695 398 1838 460 iacet
1875 401 2082 479 potius,

77 502 389 562 omnesque
428 504 529 546 eae
568 488 835 559 virtutes,
893 502 1039 563 quae
1070 484 1130 543 in
1167 483 1556 551 communitate
1589 493 1883 551 cernuntur
1925 493 1982 546 et
2022 489 2083 546 in

76 574 346 632 societate
382 570 603 648 generis
642 570 885 637 humani,
970 568 1175 647 Neque
1202 571 1353 629 enim
1383 562 1606 629 boni‘tas
1655 590 1757 630 nec
1783 570 2081 631 liberalitas

75 678 186 719 nec
220 657 449 716 comitas
474 675 598 716 esse
626 656 851 735 potest,
887 675 1003 719 non
1033 654 1157 733 plus
1184 672 1367 733 quam
1389 656 1663 731 amicitia,
1708 655 1755 714 si
1794 656 1930 717 haec
1964 675 2082 715 non

69 744 187 824 ‘per
223 761 284 803 se
327 748 685 820 expetantur,
730 743 833 802 sed
866 742 941 800 ad
983 740 1325 823 voluptatem
1362 740 1727 801 utilitatemve
1755 744 2080 802 reserantur.

83 831 231 894 119.
271 827 638 889 Conferamus
674 829 842 904 igitur
880 829 941 887 in
972 845 1170 907 pauca.
1253 826 1409 886 Νιιιιι
1456 832 1522 885 ιιι
1552 826 1847 887 utilitatem
1873 826 2081 886 nullam

35 922 52 929 ’
82 932 212 974 esse
240 904 557 989 docuimus,
602 932 748 990 quae
774 914 1051 974 honestati
1079 919 1230 972 esset
1255 912 1577 972 contraria.
1621 913 1711 972 sic
1731 932 1953 972 omnem
1978 932 2099 987 vor
2154 970 2162 983 ,

76 998 351 1079 luptatem
383 1000 611 1067 dicimus
643 998 920 1059 honestati
951 1018 1073 1058 esse
1096 997 1446 1057 contrariam.
1532 997 1661 1067 Quo
1686 999 1862 1076 magis
1891 1017 2083 1076 repre-

78 1083 414 1145 hendendos
454 1084 842 1163 Calliphonem
869 1091 925 1144 et
952 1083 1361 1144 Dinomachum
1396 1083 1614 1157 iudico,
1660 1084 1755 1161 qui
1791 1103 1854 1143 se
1875 1085 2083 1142 direm-
2118 1084 2127 1088 ’

33 1242 54 1251 -
77 1175 282 1251 pturos
308 1172 737 1231 controversiam
766 1174 1134 1250 putaverunt,
1179 1171 1227 1229 si
1253 1188 1374 1229 cum
1400 1169 1693 1231 honestate
1719 1168 2083 1248 voluptatem,

77 1265 352 1332 tanquam
394 1275 521 1315 eum
564 1257 787 1317 homine
832 1257 1137 1336 pecudem,
1176 1255 1602 1335 copulavissent.
1715 1254 1852 1315 Non
1887 1253 2086 1334 recipit
2125 1298 2139 1327 ,

79 1340 251 1401 istam
283 1340 727 1401 coniunctionem
754 1342 1046 1414 honestas3
1094 1347 1451 1419 aspernatur,
1489 1340 1722 1420 repellit.
1807 1340 1933 1400 Nec
1953 1358 2086 1400 vero

80 1426 214 1485 finis
250 1427 520 1485 bonorum
552 1431 613 1486 et
635 1426 921 1503 malorum,
964 1428 1072 1504 qui*
1087 1426 1324 1505 simplex
1355 1445 1478 1487 esse
1503 1427 1692 1502 debet,
1732 1445 1800 1486 ex
1827 1425 2088 1484 dissimil-

77 1510 233 1570 limis
270 1512 436 1571 rebus
486 1512 706 1572 misceri
748 1519 810 1573 et
846 1513 1143 1592 temperari
1183 1517 1392 1591 potest.
1494 1515 1635 1577 120.
1695 1511 1817 1571 Sed
1861 1512 1937 1569 de
1979 1511 2087 1569 hoc

75 1597 329 1673 (magna
358 1598 504 1656 enim
530 1617 622 1657 res
646 1597 763 1676 est)
795 1598 903 1658 alio
929 1599 1052 1658 loco
1080 1598 1347 1679 pluribus·
1430 1596 1600 1659 Nunc
1623 1598 1697 1656 ad
1720 1598 2087 1676 propositum.
2136 1630 2143 1633 -
2260 1637 2269 1645 -

78 1683 274 1753 Quem
302 1683 378 1743 ad
401 1683 627 1743 modum
650 1685 819 1762 igitur
834 1728 853 1758 ‚
894 1686 942 1743 si
979 1685 1204 1761 quando
1238 1682 1335 1759 ea,
1380 1702 1526 1763 quae
1551 1682 1832 1745 videretur
1857 1681 2090 1755 utilitas,

78 1768 371 1829 honestati
417 1777 730 1848 repugnat,
773 1770 1125 1828 diiudicanda
1149 1789 1239 1830 res
1269 1770 1378 1845 sit,
1419 1769 1555 1829 satis
1584 1776 1683 1829 est
1698 1785 1868 1845 supra
1896 1767 2089 1851 dispu-

78 1860 280 1915 tatum
365 1854 467 1913 Sin
496 1860 682 1917 autem
707 1854 947 1934 speciem
970 1855 1216 1913 utilitatis
1240 1855 1405 1917 etiam
1432 1854 1688 1935 voluptas
1712 1853 1922 1913 habere
1952 1846 2089 1912 dici-

77 1948 210 2001 tur:
252 1938 403 2000 nulla
442 1947 634 2019 potest
670 1960 792 2002 esse
831 1940 882 2002 ei
910 1961 1034 2000 eum
1069 1938 1369 2005 honestate
1404 1942 1736 2002 coniunctio.
1834 1937 1986 1999 Nam
2026 1932 2099 1998 ut

78 2027 394 2086 tribuamus
425 2025 636 2101 aliquid
675 2027 980 2106 voluptati.
1025 2024 1368 2087 condimenti
1395 2029 1636 2089 fortasse
1670 2025 1936 2100 nonnihil,
1983 2025 2093 2084 uti-

75 2111 258 2172 litatis
290 2116 441 2172 certe
467 2109 599 2169 nihil
625 2111 870 2172 habebit.
1289 2186 1293 2191 .

226 2202 364 2263 121.
410 2196 605 2256 Habes
635 2216 670 2256 a
705 2202 868 2276 patre
893 2216 1095 2259 munus
1110 2241 1131 2274 ,
1172 2195 1366 2257 Marce
1391 2194 1505 2273 fili,
1548 2216 1674 2258 mea
1703 2196 1930 2275 quidem
1961 2217 2094 2258 sen-

75 2283 267 2345 tentia
288 2301 582 2359 magnum3
624 2284 730 2343 sed
756 2284 990 2363 perinde
1020 2285 1162 2358 erit,
1201 2287 1269 2342 ut
1291 2282 1585 2363 acceperis».
1674 2283 2009 2361 Quanquam
2035 2283 2095 2342 hi

78 2370 192 2430 tibi
235 2370 352 2430 tres
391 2368 518 2429 libri
557 2370 703 2428 inter
753 2369 1010 2449 Cratippi
1051 2369 1474 2430 commentarios
1519 2373 1792 2448 tanquam
1841 2367 2093 2448 hospites

78 2461 257 2518 erunt
305 2453 629 2533 recipiendi.
743 2454 863 2512 Sed
897 2464 960 2513 ut
1003 2456 1052 2514 si
1098 2457 1226 2536 ipse
1263 2455 1540 2517 venissem
1581 2455 1863 2528 Athenas,
1906 2453 2096 2532 (quod

81 2541 322 2620 quidem
361 2544 509 2600 esset
545 2541 782 2613 factum,
834 2539 944 2597 nisi
968 2560 1060 2600 me
1098 2561 1133 2601 e
1155 2541 1344 2603 medio
1369 2539 1708 2602 cursuclara
1735 2559 1874 2602 voce
1908 2540 2095 2639 patria

77 2626 478 2702 revocasset,)
535 2622 841 2703 aliquande
881 2644 974 2685 me
1010 2645 1237 2704 quoque
1264 2626 1516 2687 audires·
1559 2626 1637 2685 sic
1646 2670 1671 2701 ,
1711 2625 1976 2721 quoniat‘n
2006 2625 2096 2685 his

80 2710 459 2771 voluminibus
495 2711 577 2768 ad
615 2717 672 2770 te
712 2711 966 2789 prosecta
1004 2729 1113 2771 vox
1149 2717 1238 2771 est
1280 2730 1439 2788 mea,
1482 2711 1691 2774 tribues
1730 2711 1797 2779 iis
1806 2704 2097 2792 temporis
2190 2708 2199 2711 ’
2228 2754 2235 2763 -

82 2802 363 2877 quantum
395 2796 635 2875 Ροιειίε.
645 2795 891 2874 poteris
919 2801 1107 2856 autem
1122 2840 1142 2872 ,
1183 2804 1453 2875 quantum
1491 2796 1664 2861 voles.
1736 2797 1924 2867 ,Quum
1961 2814 2099 2856 vero

84 2879 411 2942 intellexero
435 2888 494 2940 te
518 2879 627 2939 hoc
650 2879 917 2940 scientiae
946 2900 1153 2960 genere
1178 2882 1453 2958 gaudere.
1484 2888 1601 2942 tum
1631 2888 1690 2943 et
1705 2900 1975 2961 praesens
2002 2886 2098 2943 te-

83 2986 215 3028 cum
236 2967 585 3045 propediem,
619 2970 686 3025 ut
712 2985 898 3045 spero,
941 2973 1017 3041 et,
1052 2967 1184 3028 dum
1212 2967 1417 3041 aberis,
1456 2968 1659 3030 absens
1682 2966 1900 3046 loquar.
1955 2967 2097 3028 Vale

83 3053 285 3130 igitur,
326 3052 405 3109 mi
429 3050 648 3126 Cicero,
689 3051 902 3129 tibique
927 3051 1204 3131 persuade
1234 3072 1358 3113 esse
1396 3059 1458 3113 te
1490 3052 1717 3131 quidem
1755 3051 1895 3112 mihi
1921 3053 2095 3113 caris-

89 3140 332 3217 simum,
372 3137 475 3198 sed
509 3135 685 3195 multo
718 3138 841 3199 fore
878 3139 1146 3199 cariorem
1159 3181 1180 3214 ,
1238 3138 1287 3197 si
1313 3137 1515 3200 talibus
1558 3139 1909 3201 monimentis
1931 3156 2101 3219 prae-

86 3223 382 3304 ceptisque
417 3221 717 3283 laetabere.

884 3452 1308 3466 ffl-
