2417 3967
260 226 268 231 ’
381 230 471 323 2'
605 326 614 331 ἦ
801 247 1322 318 cmmoms
1368 253 1970 335 neom-*mus

379 354 549 474 etiam
573 396 650 471 de
673 407 1054 493 philosophia
1051 409 1257 487 libros,
1296 412 1396 490 qui
1430 411 1541 471 iam
1576 408 1682 470 illis
1722 410 1843 472 fere
1875 417 2201 497 aequarunt,
2250 419 2357 474 stu-

339 503 343 507 '
377 499 542 559 diosc
569 496 743 574 legas.
828 497 927 557 Vis
956 498 1120 559 enim
1129 498 1307 557 maior
1332 498 1391 557 in
1420 496 1527 557 illis
1568 497 1818 571 dicendi;
1867 492 1972 559 sed
2007 496 2118 558 hoc
2150 514 2357 577 quoque

380 582 676 643 colendum
701 588 790 642 est
815 581 1107 660 aequabile
1135 588 1197 644 et
1221 564 1594 663 temperatum
1621 582 1887 645 orationis
1923 600 2117 660 genus.
2195 582 2273 643 Et
2302 585 2354 643 id

377 668 620 747 quidem
638 668 848 728 nemini
874 667 1039 727 video
1068 666 1415 728 Graecomm
1460 664 1692 747 [adhuc]
1726 668 2062 744 contigisse,
2119 676 2182 729 ut
2224 669 2353 730 iden

379 759 619 830 utroque
645 753 704 811 in
728 770 936 831 genere
961 752 1273 815 elaboraret
1299 758 1744 832 sequereturque
1775 759 1835 815 et
1863 753 1998 813 dlud
2029 755 2253 816 forense
2284 755 2354 812 di-

383 839 550 900 cendi
580 843 639 899 et
664 838 773 899 hoc
811 839 1058 915 quietum
1095 837 1419 919 disputandi
1464 858 1674 916 genus.
1731 838 1840 899 nisi
1858 841 2024 900 forte
2060 836 2369 917 Demetrius,

382 923 688 991 Phalereus,
726 923 784 983 in
828 923 938 983 hoc
974 942 1205 985 numero
1246 924 1440 984 haberi
1485 930 1708 1004 potest,
1764 924 2095 1003 disputator
2140 924 2352 994 saliti&

383 1014 582 1069 orator
605 1026 804 1088 parum
833 1008 1176 1085 vehemens,
1193 1010 1371 1069 dulcis
1396 1015 1607 1085 tamen,
1647 1016 1714 1067 ιιι
1737 1007 2116 1091 Theophrasti
2136 1010 2349 1089 discipu·

382 1096 500 1155 lum
522 1094 710 1173 possis
736 1110 1062 1170 affluxere.
1144 1092 1273 1155 Nos
1301 1102 1487 1157 autem
1512 1099 1785 1173 quantum
1818 1095 1879 1154 in
1911 1099 2157 1173 utroque
2192 1095 2349 1174 prose-

381 1179 654 1251 cerimus,
704 1177 933 1239 aliorum
970 1179 1044 1239 sit
1093 1181 1383 1241 iudiciuint
1428 1185 1724 1261 utrumque
1766 1186 1921 1241 certe
1954 1182 2133 1240 secuti
2162 1198 2348 1239 sum
2386 1182 2387 1235 1

382 1265 445 1328 4.
489 1263 769 1341 Equidem
805 1271 865 1323 et
906 1264 1201 1326 Platonem
1238 1258 1523 1341 existimo,
1578 1266 1628 1329 si
1662 1284 1840 1342 genus
1880 1266 2109 1328 forense
2161 1262 2348 1324 dioeuffl
2378 1252 2387 1347 j

287 1376 294 1381 ·
381 1355 626 1409 tractare
647 1348 916 1409 voluisset
930 1391 950 1424 ‚
992 1352 1321 1427 gravissime
1360 1357 1424 1411 et
1464 1351 1844 1430 copiosissime
1880 1351 2140 1429 potuisse
2173 1351 2347 1419 dmm
2366 1352 2387 1391 ·’

349 1462 354 1473 ·
382 1442 444 1496 et
470 1426 936 1509 Demosthenem,
983 1437 1031 1495 si
1068 1434 1189 1511 illa,
1235 1455 1383 1513 quae
1415 1454 1453 1496 8
1490 1428 1728 1497 Platone
1767 1436 2072 1509 didicerat,
2114 1436 2349 1496 tenmet
2386 1458 2387 1513 j

383 1526 444 1583 et
468 1519 827 1600 pronuntiare
852 1478 1149 1597 vo'luisset,
1202 1529 1400 1582 ornate
1440 1520 1848 1604 splendideque
1880 1520 2072 1582 facere
2108 1521 2346 1601 potinsse.

378 1604 714 1684 Eodemque
738 1605 909 1665 modo
937 1606 1013 1667 de
1034 1607 1335 1668 Aristotele
1365 1613 1423 1667 et
1443 1606 1691 1667 Isocrate
1710 1605 1927 1679 iudico;
1964 1624 2208 1682 qnorum
2229 1610 2349 1667 der·

383 1710 526 1770 que,
544 1709 647 1751 suo
676 1691 862 1751 studio
893 1691 1225 1766 delectatus,
1253 1694 1588 1771 contempsit
1609 1691 1863 1752 alterum.
1946 1689 2020 1750 11.
2062 1691 2189 1752 Sed
2212 1706 2347 1769 qm

301 1789 306 1794 ’
383 1779 700 1836 statuissem
722 1774 980 1836 scribere
984 1777 1060 1836 ad
1101 1784 1162 1838 te
1193 1778 1404 1857 aliquid
1433 1777 1541 1837 boe
1560 1782 1847 1856 tempore,
1903 1775 2083 1839 multa
2116 1775 2345 1855 posthae·

303 1906 310 1911 .
380 1862 457 1923 ab
481 1881 551 1922 eo
577 1862 748 1921 ordiri
775 1862 922 1921 volui
952 1862 1225 1943 maxime,
1275 1863 1431 1942 quod
1467 1868 1528 1923 et
1571 1862 1750 1923 aetati
1786 1867 1949 1923 tuae
1964 1867 2126 1922 esset
2162 1859 2345 1941 spond·

380 1965 535 2007 mum
561 1954 621 2006 et
646 1948 963 2009 auctoritati
1002 1967 1178 2009 meae.
1264 1947 1414 2009 Nam
1459 1967 1630 2026 quum
1664 1945 1842 2037 multa
1870 1948 1986 2006 sint
2027 1947 2092 2006 in
2135 1944 2343 2026 philon·

378 2031 516 2112 phia
541 2036 602 2090 et
631 2032 825 2108 gravia
844 2037 902 2091 et
928 2032 1113 2113 utilia,
1155 2039 1411 2095 accurate
1437 2024 1773 2113 copioseque
1802 2049 1840 2092 8
1878 2031 2227 2111 philosophis
2256 2029 2385 2089 dis·

377 2122 611 2199 p:utata
653 2115 930 2177 latissime
949 2076 1147 2197 patere
1179 2121 1443 2181 videntur
1477 2138 1580 2193 ea,
1635 2135 1782 2196 quae
1819 2117 1896 2178 de
1935 2116 2139 2177 officiis
2164 2115 2345 2178 mdiu

369 2200 454 2263 81)
479 2201 585 2260 illis
613 2207 671 2261 et
695 2209 995 2281 praecepta
1026 2210 1176 2269 sunt.
1259 2204 1434 2266 Nulla
1466 2205 1619 2264 enim
1646 2202 1800 2264 vitae
1823 2220 1967 2282 pars
1983 2221 2179 2302 neque
2197 2196 2342 2283 publi-

357 2288 478 2348 scis
492 2305 676 2365 neque
703 2287 932 2366 privatis
962 2308 1145 2367 neque
1166 2289 1481 2351 forensibus
1515 2307 1701 2367 neque
1740 2288 2107 2348 domesticis
2088 2307 2158 2347 ιιι
2174 2286 2342 2359 rebus,

177 2366 186 2375 ’
311 2394 324 2404 ·
371 2391 566 2452 neque
594 2374 641 2430 si
671 2380 856 2433 tecum
882 2390 1019 2451 8381
1049 2376 1217 2452 quid,
1259 2394 1443 2454 neque
1471 2376 1521 2433 si
1549 2393 1674 2434 cum
1700 2372 1879 2434 altero
1901 2372 2239 2444 contrahas,
2268 2384 2342 2427 π-

377 2477 506 2520 care
534 2456 718 2517 officio
742 2464 965 2537 potest3
1007 2460 1066 2521 in
1097 2478 1281 2539 eoque
1307 2468 1367 2523 et
1394 2459 1630 2520 colendo
1660 2460 1769 2518 sita
1790 2458 1950 2519 vitae
1987 2464 2077 2519 est
2111 2412 2340 2518 hol-'ew

245 2556 258 2575 ‘
375 2545 557 2621 omnis
614 2548 675 2604 et
718 2543 779 2602 in
823 2545 1161 2622 negligendo
1207 2546 1522 2625 turpitudo.
1620 2544 1679 2621 5.
1720 2543 1909 2622 Atque
1955 2542 2098 2602 haec
2152 2541 2340 2621 quiden

281 2694 288 2703 p
377 2617 633 2709 quaestio
653 2631 962 2689 communis
992 2636 1081 2691 est
1103 2633 1347 2691 omnium
1368 2629 1838 2711 philosophorum.
1911 2627 2063 2698 Quis
2093 2633 2187 2688 est
2208 2624 2339 2693 enh,

291 2712 294 2721 '
375 2717 476 2793 qui
524 2713 690 2774 nullis
742 2714 891 2775 offici
930 2717 1243 2795 praeceptis
1295 2717 1582 2778 tradendis
1621 2710 2014 2796 philosophum
2054 2730 2122 2772 se
2170 2709 2337 2772 audini

374 2797 605 2861 dicere?
647 2799 762 2859 Sed
792 2805 926 2860 sunt
954 2801 1254 2861 nonnullae
1287 2802 1615 2882 disciplinae
1628 2842 1648 2876 ,
1688 2817 1841 2879 quae
1865 2796 2174 2879 propositis
2197 2796 2381 2871 bouu-

373 2904 498 2946 rum
535 2892 597 2946 et
640 2884 909 2949 malorum
945 2886 1147 2947 finibus
1200 2885 1446 2947 officium
1492 2905 1660 2947 omne
1698 2890 2042 2964 pervertant.
2070 2915 2168 2929 ——-
2219 2877 2334 2940 Nn

373 2972 472 3048 qui
501 2988 773 3030 summum
797 2972 1006 3031 bonum
1043 2974 1121 3032 sie
1149 2973 1421 3046 instituit,
1476 2980 1544 3032 ut
1579 2969 1718 3031 nihil
1752 2970 1963 3031 habeat
2002 2970 2129 3031 cuin
2168 2966 2334 3027 virm

257 3098 264 3103 -
369 3056 757 3128 coniunctum,
799 3057 974 3134 idque
1000 3060 1112 3117 suis
1137 3059 1474 3132 commodis,
1519 3075 1637 3117 non
1669 3056 1966 3116 honestate
1986 3053 2230 3124 metitur,
2254 3047 2379 3117 Βῆ

371 3142 421 3199 si
447 3140 551 3198 sibi
582 3140 704 3219 ipse
731 3144 1043 3203 consentiat
1071 3150 1132 3204 et
1166 3164 1285 3203 non
1327 3143 1607 3203 interdum
1627 3146 1858 3202 naturae
1900 3140 2155 3200 bonitate
2181 3135 2331 3194 vinu·

370 3235 494 3299 tur,
533 3244 720 3307 neque
747 3227 1043 3288 amicitiam
1082 3230 1267 3290 colere
1300 3228 1481 3311 possit
1525 3247 1630 3288 nec
1671 3227 1938 3287 iustitiam
1984 3230 2090 3285 nee
2126 3214 2331 3282 libeni·

369 3318 573 3393 tatem3
628 3311 786 3371 fortis
827 3330 1005 3387 vero,
1060 3314 1309 3375 dolorem
1356 3332 1630 3374 summum
1685 3312 1915 3375 malum
1933 3310 2208 3381 iudicans,
2257 3304 2331 3363 ⁸⁸¹

369 3381 726 3475 temperem,
773 3396 1118 3479 voluptatem
1162 3418 1439 3461 summum
1474 3400 1685 3460 bonnm
1724 3403 2015 3471 statuens,
2056 3410 2178 3457 esse
2210 3392 2330 3449 certe

370 3482 522 3541 nullo
549 3481 719 3540 modo
741 3488 954 3559 potest.
1042 3488 1102 3549 6.
1147 3485 1313 3555 Quae
1346 3503 1684 3565 quamquam
1710 3485 1794 3546 ita
1830 3483 2003 3543 sunt
1988 3500 2048 3541 m
2082 3478 2326 3560 prompt&

371 3573 435 3626 ιιι
473 3584 564 3628 res
610 3566 990 3647 disputatione
1026 3587 1143 3635 non
1180 3577 1376 3650 egeat·
1429 3578 1625 3635 tamen
1654 3576 1786 3633 sunt
1818 3587 1857 3631 a
1886 3569 2056 3645 nobis
2093 3563 2198 3626 alio
2229 3559 2326 3619 1⁰⁰⁰
